<?xml version="1.0" encoding="UTF-8"?>
<!DOCTYPE html PUBLIC "-//W3C//DTD XHTML 1.0 Transitional//EN"
    "http://www.w3.org/TR/xhtml1/DTD/xhtml1-transitional.dtd">
<html xmlns="http://www.w3.org/1999/xhtml" xml:lang="en" lang="en">
 <head>
  <title>
</title>
<meta http-equiv="Content-Type" content="text/html;charset=utf-8" />
  <meta name='ocr-system' content='tesseract 3.04.00' />
  <meta name='ocr-capabilities' content='ocr_page ocr_carea ocr_par ocr_line ocrx_word'/>
</head>
<body>
  <div class='ocr_page' id='page_1' title='image "./didymichalcente01schmgoog_0082.png"; bbox 0 0 2812 4868; ppageno 0'>
   <div class='ocr_carea' id='block_1_1' title="bbox 1142 355 1182 418">
    <p class='ocr_par' dir='ltr' id='par_1_1' title="bbox 1142 355 1182 418">
     <span class='ocr_line' id='line_1_1' title="bbox 1142 355 1182 418; baseline 0 0"><span class='ocrx_word' id='word_1_1' title='bbox 1142 355 1182 418; x_wconf 83' lang='grc'>63</span> 
     </span>
    </p>
   </div>
   <div class='ocr_carea' id='block_1_2' title="bbox 48 516 1269 4372">
    <p class='ocr_par' dir='ltr' id='par_1_2' title="bbox 48 516 1269 4372">
     <span class='ocr_line' id='line_1_2' title="bbox 76 516 1182 606; baseline -0.004 -17"><span class='ocrx_word' id='word_1_2' title='bbox 76 529 156 590; x_wconf 84' lang='grc'>1194</span> <span class='ocrx_word' id='word_1_3' title='bbox 188 521 359 606; x_wconf 81' lang='grc' dir='ltr'><strong><em>σισύρα·</em></strong></span> <span class='ocrx_word' id='word_1_4' title='bbox 394 517 430 592; x_wconf 73' lang='grc' dir='ltr'>,τὸ</span> <span class='ocrx_word' id='word_1_5' title='bbox 460 517 548 605; x_wconf 78' lang='grc' dir='ltr'><strong><em>παχύ</em></strong></span> <span class='ocrx_word' id='word_1_6' title='bbox 576 519 708 605; x_wconf 75' lang='grc' dir='ltr'><strong><em>ἱμάτιον</em></strong></span> <span class='ocrx_word' id='word_1_7' title='bbox 742 516 807 586; x_wconf 76' lang='lat' dir='ltr'>cirri</span> <span class='ocrx_word' id='word_1_8' title='bbox 835 523 970 606; x_wconf 77' lang='grc' dir='ltr'><strong><em>αἰγείων</em></strong></span> <span class='ocrx_word' id='word_1_9' title='bbox 996 517 1182 606; x_wconf 75' lang='grc' dir='ltr'><strong><em>δερμάτων.</em></strong></span> 
     </span>
     <span class='ocr_line' id='line_1_3' title="bbox 71 618 1183 709; baseline -0.002 -17"><span class='ocrx_word' id='word_1_10' title='bbox 71 635 277 708; x_wconf 79' lang='grc' dir='ltr'><strong><em>σίσνρνον</em></strong></span> <span class='ocrx_word' id='word_1_11' title='bbox 304 622 366 709; x_wconf 81' lang='grc' dir='ltr'>τὴν</span> <span class='ocrx_word' id='word_1_12' title='bbox 391 623 557 708; x_wconf 81' lang='grc' dir='ltr'><strong><em>σισύρνην</em></strong></span> <span class='ocrx_word' id='word_1_13' title='bbox 586 624 622 689; x_wconf 77' lang='lat' dir='ltr'>ol</span> <span class='ocrx_word' id='word_1_14' title='bbox 648 619 731 688; x_wconf 82' lang='grc' dir='ltr'><strong><em>κατὰ</em></strong></span> <span class='ocrx_word' id='word_1_15' title='bbox 751 620 885 707; x_wconf 78' lang='grc' dir='ltr'><strong><em>Λιβύην</em></strong></span> <span class='ocrx_word' id='word_1_16' title='bbox 907 618 943 688; x_wconf 77' lang='grc' dir='ltr'>τὸ</span> <span class='ocrx_word' id='word_1_17' title='bbox 968 621 1004 687; x_wconf 79' lang='grc' dir='ltr'>ἐκ</span> <span class='ocrx_word' id='word_1_18' title='bbox 1026 627 1094 688; x_wconf 76' lang='grc' dir='ltr'>τῶν</span> <span class='ocrx_word' id='word_1_19' title='bbox 1115 649 1183 690; x_wconf 78' lang='grc' dir='ltr'>κω-</span> 
     </span>
     <span class='ocr_line' id='line_1_4' title="bbox 72 718 1183 814; baseline -0.003 -20"><span class='ocrx_word' id='word_1_20' title='bbox 72 733 157 794; x_wconf 83' lang='grc' dir='ltr'><strong><em>δίων</em></strong></span> <span class='ocrx_word' id='word_1_21' title='bbox 176 724 389 814; x_wconf 79' lang='grc' dir='ltr'><strong><em>ῥαπτόμενον</em></strong></span> <span class='ocrx_word' id='word_1_22' title='bbox 412 723 618 811; x_wconf 82' lang='grc' dir='ltr'><strong><em>ύμαεχύνιον</em></strong></span> <span class='ocrx_word' id='word_1_23' title='bbox 639 729 812 790; x_wconf 80' lang='grc' dir='ltr'><strong><em>καλοῦσιν.</em></strong></span> <span class='ocrx_word' id='word_1_24' title='bbox 840 721 878 790; x_wconf 85' lang='grc' dir='ltr'>τὰ</span> <span class='ocrx_word' id='word_1_25' title='bbox 900 718 982 790; x_wconf 80' lang='grc' dir='ltr'><strong><em>αὐτὰ</em></strong></span> <span class='ocrx_word' id='word_1_26' title='bbox 1007 723 1062 790; x_wconf 79' lang='grc' dir='ltr'>καὶ</span> <span class='ocrx_word' id='word_1_27' title='bbox 1084 725 1183 792; x_wconf 88' lang='grc' dir='ltr'><strong><em>σισύ-</em></strong></span> 
     </span>
     <span class='ocr_line' id='line_1_5' title="bbox 73 822 1181 914; baseline -0.005 -18"><span class='ocrx_word' id='word_1_28' title='bbox 73 855 139 913; x_wconf 87' lang='grc' dir='ltr'><strong><em>ραι.</em></strong></span> <span class='ocrx_word' id='word_1_29' title='bbox 159 833 205 896; x_wconf 86' lang='grc' dir='ltr'>σί</span> <span class='ocrx_word' id='word_1_30' title='bbox 209 849 283 907; x_wconf 83' lang='grc' dir='ltr'>σος</span> <span class='ocrx_word' id='word_1_31' title='bbox 303 829 358 895; x_wconf 80' lang='lat' dir='ltr'>nul</span> <span class='ocrx_word' id='word_1_32' title='bbox 380 823 466 912; x_wconf 82' lang='grc' dir='ltr'><strong><em>αύτὴ</em></strong></span> <span class='ocrx_word' id='word_1_33' title='bbox 487 831 593 914; x_wconf 70' lang='grc' dir='ltr'><strong><em>βαίνῃ.</em></strong></span> <span class='ocrx_word' id='word_1_34' title='bbox 618 828 653 893; x_wconf 79' lang='grc' dir='ltr'>οἱ</span> <span class='ocrx_word' id='word_1_35' title='bbox 672 826 708 892; x_wconf 74' lang='grc' dir='ltr'>δὲ</span> <span class='ocrx_word' id='word_1_36' title='bbox 732 822 821 905; x_wconf 79' lang='grc' dir='ltr'><strong><em>εἶδός</em></strong></span> <span class='ocrx_word' id='word_1_37' title='bbox 839 851 870 892; x_wconf 83' lang='grc' dir='ltr'>τι</span> <span class='ocrx_word' id='word_1_38' title='bbox 886 829 1021 910; x_wconf 75' lang='grc' dir='ltr'><em>χλαίνης</em></span> <span class='ocrx_word' id='word_1_39' title='bbox 1042 823 1181 906; x_wconf 78' lang='grc' dir='ltr'>εὐτελές.</span> 
     </span>
     <span class='ocr_line' id='line_1_6' title="bbox 48 928 1183 1016; baseline -0.004 -18"><span class='ocrx_word' id='word_1_40' title='bbox 48 930 170 999; x_wconf 74' lang='grc' dir='ltr'><strong><em>-ἄλλοι</em></strong></span> <span class='ocrx_word' id='word_1_41' title='bbox 201 936 327 1015; x_wconf 75' lang='grc' dir='ltr'><strong><em>χιτῶνα</em></strong></span> <span class='ocrx_word' id='word_1_42' title='bbox 355 934 483 1016; x_wconf 72' lang='lat' dir='ltr'>clyster</span> <span class='ocrx_word' id='word_1_43' title='bbox 515 928 720 1014; x_wconf 82' lang='grc' dir='ltr'><strong><em>χειριδωτύν.</em></strong></span> <span class='ocrx_word' id='word_1_44' title='bbox 776 929 869 1010; x_wconf 80' lang='lat' dir='ltr'>Quae</span> <span class='ocrx_word' id='word_1_45' title='bbox 901 930 970 994; x_wconf 88' lang='lat' dir='ltr'>fere</span> <span class='ocrx_word' id='word_1_46' title='bbox 1001 932 1109 995; x_wconf 88' lang='lat' dir='ltr'>omnia</span> <span class='ocrx_word' id='word_1_47' title='bbox 1140 932 1183 994; x_wconf 90' lang='lat' dir='ltr'>ad</span> 
     </span>
     <span class='ocr_line' id='line_1_7' title="bbox 73 1025 1183 1120; baseline -0.002 -20"><span class='ocrx_word' id='word_1_48' title='bbox 73 1025 324 1101; x_wconf 86' lang='lat' dir='ltr'>Eratosthenem</span> <span class='ocrx_word' id='word_1_49' title='bbox 351 1033 500 1098; x_wconf 90' lang='lat' dir='ltr'>redeunt.</span> <span class='ocrx_word' id='word_1_50' title='bbox 544 1032 697 1098; x_wconf 75' lang='lat' dir='ltr'>Ceterum</span> <span class='ocrx_word' id='word_1_51' title='bbox 718 1030 844 1096; x_wconf 90' lang='lat' dir='ltr'>iuvabit</span> <span class='ocrx_word' id='word_1_52' title='bbox 867 1031 927 1096; x_wconf 90' lang='lat' dir='ltr'>hos</span> <span class='ocrx_word' id='word_1_53' title='bbox 955 1031 1042 1096; x_wconf 89' lang='lat' dir='ltr'>locos</span> <span class='ocrx_word' id='word_1_54' title='bbox 1070 1034 1183 1120; x_wconf 88' lang='lat' dir='ltr'>paulu-</span> 
     </span>
     <span class='ocr_line' id='line_1_8' title="bbox 73 1131 1184 1222; baseline -0.003 -20"><span class='ocrx_word' id='word_1_55' title='bbox 73 1138 140 1202; x_wconf 93' lang='lat' dir='ltr'>lum</span> <span class='ocrx_word' id='word_1_56' title='bbox 161 1137 348 1222; x_wconf 82' lang='lat' dir='ltr'>inspexisse</span> <span class='ocrx_word' id='word_1_57' title='bbox 369 1136 562 1199; x_wconf 78' lang='lat' dir='ltr'><strong>accuratius.</strong></span> <span class='ocrx_word' id='word_1_58' title='bbox 599 1133 649 1197; x_wconf 88' lang='lat' dir='ltr'>Ac</span> <span class='ocrx_word' id='word_1_59' title='bbox 670 1131 835 1197; x_wconf 91' lang='lat' dir='ltr'>Dindorfii</span> <span class='ocrx_word' id='word_1_60' title='bbox 857 1133 989 1220; x_wconf 91' lang='lat' dir='ltr'>quidem</span> <span class='ocrx_word' id='word_1_61' title='bbox 1009 1134 1090 1198; x_wconf 87' lang='lat' dir='ltr'>haec</span> <span class='ocrx_word' id='word_1_62' title='bbox 1109 1145 1184 1200; x_wconf 84' lang='lat' dir='ltr'>sunt</span> 
     </span>
     <span class='ocr_line' id='line_1_9' title="bbox 72 1234 1183 1323; baseline -0.002 -20"><span class='ocrx_word' id='word_1_63' title='bbox 72 1238 175 1303; x_wconf 87' lang='lat' dir='ltr'>verba</span> <span class='ocrx_word' id='word_1_64' title='bbox 196 1237 263 1307; x_wconf 88' lang='lat' dir='ltr'>vol.</span> <span class='ocrx_word' id='word_1_65' title='bbox 287 1237 335 1300; x_wconf 95' lang='lat' dir='ltr'>IV</span> <span class='ocrx_word' id='word_1_66' title='bbox 355 1245 378 1302; x_wconf 91' lang='lat' dir='ltr'>t.</span> <span class='ocrx_word' id='word_1_67' title='bbox 401 1235 455 1300; x_wconf 93' lang='lat' dir='ltr'>III</span> <span class='ocrx_word' id='word_1_68' title='bbox 476 1260 508 1323; x_wconf 90' lang='lat' dir='ltr'>p.</span> <span class='ocrx_word' id='word_1_69' title='bbox 532 1240 591 1299; x_wconf 82' lang='lat'>157</span> <span class='ocrx_word' id='word_1_70' title='bbox 612 1235 635 1299; x_wconf 92' lang='lat' dir='ltr'>l.</span> <span class='ocrx_word' id='word_1_71' title='bbox 659 1241 677 1299; x_wconf 87' lang='lat'><strong>7</strong></span> <span class='ocrx_word' id='word_1_72' title='bbox 714 1234 889 1299; x_wconf 78' lang='lat' dir='ltr'>‘Ceterum</span> <span class='ocrx_word' id='word_1_73' title='bbox 910 1257 975 1299; x_wconf 89' lang='lat' dir='ltr'>non</span> <span class='ocrx_word' id='word_1_74' title='bbox 993 1235 1183 1321; x_wconf 81' lang='lat' dir='ltr'>intellegere</span> 
     </span>
     <span class='ocr_line' id='line_1_10' title="bbox 73 1337 1184 1425; baseline -0.001 -22"><span class='ocrx_word' id='word_1_75' title='bbox 73 1363 124 1404; x_wconf 92' lang='lat' dir='ltr'>me</span> <span class='ocrx_word' id='word_1_76' title='bbox 140 1340 256 1421; x_wconf 84' lang='lat' dir='ltr'>fateor,</span> <span class='ocrx_word' id='word_1_77' title='bbox 279 1339 440 1425; x_wconf 88' lang='lat' dir='ltr'>quomodo</span> <span class='ocrx_word' id='word_1_78' title='bbox 457 1339 667 1402; x_wconf 77' lang='lat' dir='ltr'>Eratostheni</span> <span class='ocrx_word' id='word_1_79' title='bbox 690 1338 724 1401; x_wconf 88' lang='lat' dir='ltr'>in</span> <span class='ocrx_word' id='word_1_80' title='bbox 741 1344 882 1400; x_wconf 88' lang='lat' dir='ltr'>mentem</span> <span class='ocrx_word' id='word_1_81' title='bbox 902 1337 1015 1401; x_wconf 84' lang='lat' dir='ltr'>venire</span> <span class='ocrx_word' id='word_1_82' title='bbox 1032 1339 1184 1424; x_wconf 87' lang='lat' dir='ltr'>potuerit,</span> 
     </span>
     <span class='ocr_line' id='line_1_11' title="bbox 69 1435 1183 1526; baseline 0 -22"><span class='ocrx_word' id='word_1_83' title='bbox 69 1441 132 1506; x_wconf 87' lang='lat' dir='ltr'>hoe</span> <span class='ocrx_word' id='word_1_84' title='bbox 157 1462 278 1504; x_wconf 89' lang='lat' dir='ltr'>nomen</span> <span class='ocrx_word' id='word_1_85' title='bbox 308 1463 353 1504; x_wconf 91' lang='lat' dir='ltr'>sc.</span> <span class='ocrx_word' id='word_1_86' title='bbox 384 1435 575 1523; x_wconf 81' lang='grc' dir='ltr'><strong><em>ύνδραχνον</em></strong></span> <span class='ocrx_word' id='word_1_87' title='bbox 596 1461 670 1502; x_wconf 87' lang='lat' dir='ltr'>cum</span> <span class='ocrx_word' id='word_1_88' title='bbox 692 1437 757 1503; x_wconf 90' lang='lat' dir='ltr'>illis</span> <span class='ocrx_word' id='word_1_89' title='bbox 777 1459 980 1525; x_wconf 84' lang='lat' dir='ltr'>comparare,</span> <span class='ocrx_word' id='word_1_90' title='bbox 1003 1437 1183 1526; x_wconf 87' lang='lat' dir='ltr'>dequibus</span> 
     </span>
     <span class='ocr_line' id='line_1_12' title="bbox 74 1529 1185 1628; baseline -0.002 -22"><span class='ocrx_word' id='word_1_91' title='bbox 74 1543 126 1607; x_wconf 91' lang='lat' dir='ltr'>hic</span> <span class='ocrx_word' id='word_1_92' title='bbox 148 1543 218 1627; x_wconf 88' lang='lat' dir='ltr'>agit</span> <span class='ocrx_word' id='word_1_93' title='bbox 240 1529 445 1607; x_wconf 61' lang='lat' dir='ltr'>scholiasta!</span> <span class='ocrx_word' id='word_1_94' title='bbox 479 1541 535 1605; x_wconf 92' lang='lat' dir='ltr'>Ad</span> <span class='ocrx_word' id='word_1_95' title='bbox 553 1561 650 1628; x_wconf 86' lang='lat' dir='ltr'>quam</span> <span class='ocrx_word' id='word_1_96' title='bbox 672 1539 861 1604; x_wconf 85' lang='lat' dir='ltr'>solvendam</span> <span class='ocrx_word' id='word_1_97' title='bbox 885 1542 1107 1627; x_wconf 89' lang='lat' dir='ltr'>quaestionem</span> <span class='ocrx_word' id='word_1_98' title='bbox 1127 1541 1185 1605; x_wconf 86' lang='lat' dir='ltr'>ali-</span> 
     </span>
     <span class='ocr_line' id='line_1_13' title="bbox 75 1641 1185 1730; baseline 0 -22"><span class='ocrx_word' id='word_1_99' title='bbox 75 1653 236 1730; x_wconf 86' lang='lat' dir='ltr'>quetenus</span> <span class='ocrx_word' id='word_1_100' title='bbox 257 1665 450 1730; x_wconf 88' lang='lat' dir='ltr'>responsum</span> <span class='ocrx_word' id='word_1_101' title='bbox 471 1644 555 1709; x_wconf 93' lang='lat' dir='ltr'>sumi</span> <span class='ocrx_word' id='word_1_102' title='bbox 575 1643 695 1729; x_wconf 86' lang='lat' dir='ltr'>poterit</span> <span class='ocrx_word' id='word_1_103' title='bbox 715 1662 758 1706; x_wconf 86' lang='lat' dir='ltr'>ex</span> <span class='ocrx_word' id='word_1_104' title='bbox 773 1641 981 1729; x_wconf 86' lang='lat' dir='ltr'>Bernhardyi</span> <span class='ocrx_word' id='word_1_105' title='bbox 998 1642 1185 1708; x_wconf 86' lang='lat' dir='ltr'>Eratosthe-</span> 
     </span>
     <span class='ocr_line' id='line_1_14' title="bbox 74 1737 1185 1832; baseline 0 -24"><span class='ocrx_word' id='word_1_106' title='bbox 74 1747 156 1809; x_wconf 93' lang='lat' dir='ltr'>nicis</span> <span class='ocrx_word' id='word_1_107' title='bbox 175 1769 209 1832; x_wconf 90' lang='lat' dir='ltr'>p.</span> <span class='ocrx_word' id='word_1_108' title='bbox 233 1746 294 1808; x_wconf 80' lang='lat'>223</span> <span class='ocrx_word' id='word_1_109' title='bbox 335 1745 424 1808; x_wconf 79' lang='lat' dir='ltr'>‘Iam</span> <span class='ocrx_word' id='word_1_110' title='bbox 453 1745 481 1808; x_wconf 92' lang='lat' dir='ltr'>si</span> <span class='ocrx_word' id='word_1_111' title='bbox 500 1743 683 1832; x_wconf 81' lang='lat' dir='ltr'>perpende</span> <span class='ocrx_word' id='word_1_112' title='bbox 689 1792 699 1825; x_wconf 83' lang='lat'><em>,</em></span> <span class='ocrx_word' id='word_1_113' title='bbox 724 1737 915 1827; x_wconf 79' lang='grc' dir='ltr'><strong><em>ἅνδραχνον</em></strong></span> <span class='ocrx_word' id='word_1_114' title='bbox 936 1752 969 1810; x_wconf 79' lang='lat' dir='ltr'>et</span> <span class='ocrx_word' id='word_1_115' title='bbox 993 1740 1185 1828; x_wconf 79' lang='grc' dir='ltr'><strong><em>ἀνδράχνην</em></strong></span> 
     </span>
     <span class='ocr_line' id='line_1_15' title="bbox 75 1844 1184 1934; baseline 0.001 -23"><span class='ocrx_word' id='word_1_116' title='bbox 75 1851 161 1912; x_wconf 86' lang='lat' dir='ltr'>inter</span> <span class='ocrx_word' id='word_1_117' title='bbox 176 1869 211 1911; x_wconf 92' lang='lat' dir='ltr'>se</span> <span class='ocrx_word' id='word_1_118' title='bbox 223 1849 383 1934; x_wconf 85' lang='lat' dir='ltr'>componi,</span> <span class='ocrx_word' id='word_1_119' title='bbox 397 1849 506 1912; x_wconf 88' lang='lat' dir='ltr'>statim</span> <span class='ocrx_word' id='word_1_120' title='bbox 517 1845 680 1928; x_wconf 86' lang='lat' dir='ltr'>conficias,</span> <span class='ocrx_word' id='word_1_121' title='bbox 693 1844 869 1910; x_wconf 77' lang='lat' dir='ltr'>accedente</span> <span class='ocrx_word' id='word_1_122' title='bbox 880 1848 1071 1931; x_wconf 88' lang='lat' dir='ltr'>praesertim</span> <span class='ocrx_word' id='word_1_123' title='bbox 1084 1847 1184 1912; x_wconf 87' lang='lat' dir='ltr'>schol.</span> 
     </span>
     <span class='ocr_line' id='line_1_16' title="bbox 74 1942 1185 2037; baseline -0.003 -23"><span class='ocrx_word' id='word_1_124' title='bbox 74 1950 198 2037; x_wconf 90' lang='lat' dir='ltr'>Vespp.</span> <span class='ocrx_word' id='word_1_125' title='bbox 212 1952 273 2013; x_wconf 83' lang='lat'>737</span> <span class='ocrx_word' id='word_1_126' title='bbox 295 1943 356 2031; x_wconf 78' lang='grc' dir='ltr'>τὴν</span> <span class='ocrx_word' id='word_1_127' title='bbox 376 1942 483 2030; x_wconf 79' lang='grc' dir='ltr'><strong><em>αὐτὴν</em></strong></span> <span class='ocrx_word' id='word_1_128' title='bbox 502 1943 539 2012; x_wconf 74' lang='grc' dir='ltr'>δὲ</span> <span class='ocrx_word' id='word_1_129' title='bbox 553 1945 609 2011; x_wconf 80' lang='grc' dir='ltr'>καὶ</span> <span class='ocrx_word' id='word_1_130' title='bbox 619 1943 764 2030; x_wconf 80' lang='grc' dir='ltr'><strong><em>σισύραν</em></strong></span> <span class='ocrx_word' id='word_1_131' title='bbox 781 1951 921 2013; x_wconf 74' lang='grc' dir='ltr'><strong><em>καλοῦσι</em></strong></span> <span class='ocrx_word' id='word_1_132' title='bbox 938 1949 994 2012; x_wconf 80' lang='grc' dir='ltr'>καὶ</span> <span class='ocrx_word' id='word_1_133' title='bbox 1009 1952 1185 2032; x_wconf 85' lang='grc' dir='ltr'><strong><em>σίσνρναν,</em></strong></span> 
     </span>
     <span class='ocr_line' id='line_1_17' title="bbox 75 2049 1186 2138; baseline 0 -24"><span class='ocrx_word' id='word_1_134' title='bbox 75 2073 133 2138; x_wconf 88' lang='lat' dir='ltr'>pro</span> <span class='ocrx_word' id='word_1_135' title='bbox 165 2052 266 2114; x_wconf 88' lang='grc' dir='ltr'><strong><em>σίσυν</em></strong></span> <span class='ocrx_word' id='word_1_136' title='bbox 297 2051 348 2137; x_wconf 84' lang='lat' dir='ltr'>ap.</span> <span class='ocrx_word' id='word_1_137' title='bbox 381 2049 482 2112; x_wconf 90' lang='lat' dir='ltr'>schol.</span> <span class='ocrx_word' id='word_1_138' title='bbox 516 2050 603 2113; x_wconf 91' lang='lat' dir='ltr'>Avv.</span> <span class='ocrx_word' id='word_1_139' title='bbox 636 2053 817 2132; x_wconf 86' lang='grc' dir='ltr'><strong><em>σίσνρναν,</em></strong></span> <span class='ocrx_word' id='word_1_140' title='bbox 851 2051 923 2114; x_wconf 86' lang='lat' dir='ltr'>vice</span> <span class='ocrx_word' id='word_1_141' title='bbox 960 2071 1056 2116; x_wconf 85' lang='lat' dir='ltr'>versa</span> <span class='ocrx_word' id='word_1_142' title='bbox 1086 2054 1186 2115; x_wconf 78' lang='grc' dir='ltr'><strong><em>σίσνν</em></strong></span> 
     </span>
     <span class='ocr_line' id='line_1_18' title="bbox 76 2151 1185 2237; baseline 0 -20"><span class='ocrx_word' id='word_1_143' title='bbox 76 2153 195 2218; x_wconf 88' lang='lat' dir='ltr'>deinde</span> <span class='ocrx_word' id='word_1_144' title='bbox 217 2151 271 2215; x_wconf 93' lang='lat' dir='ltr'>hic</span> <span class='ocrx_word' id='word_1_145' title='bbox 295 2160 326 2214; x_wconf 87' lang='lat' dir='ltr'>et</span> <span class='ocrx_word' id='word_1_146' title='bbox 343 2173 395 2237; x_wconf 88' lang='lat' dir='ltr'>ap.</span> <span class='ocrx_word' id='word_1_147' title='bbox 419 2151 520 2215; x_wconf 85' lang='lat' dir='ltr'>schol.</span> <span class='ocrx_word' id='word_1_148' title='bbox 533 2151 617 2216; x_wconf 91' lang='lat' dir='ltr'>Plat.</span> <span class='ocrx_word' id='word_1_149' title='bbox 635 2160 667 2214; x_wconf 91' lang='lat' dir='ltr'>et</span> <span class='ocrx_word' id='word_1_150' title='bbox 677 2151 758 2214; x_wconf 90' lang='lat' dir='ltr'>Hes.</span> <span class='ocrx_word' id='word_1_151' title='bbox 769 2152 797 2233; x_wconf 89' lang='lat' dir='ltr'>l.</span> <span class='ocrx_word' id='word_1_152' title='bbox 811 2152 832 2216; x_wconf 94' lang='lat' dir='ltr'>l.</span> <span class='ocrx_word' id='word_1_153' title='bbox 851 2174 923 2217; x_wconf 89' lang='lat' dir='ltr'>esse</span> <span class='ocrx_word' id='word_1_154' title='bbox 939 2152 1185 2235; x_wconf 87' lang='lat' dir='ltr'>restituendum,</span> 
     </span>
     <span class='ocr_line' id='line_1_19' title="bbox 75 2251 1186 2340; baseline -0.001 -22"><span class='ocrx_word' id='word_1_155' title='bbox 75 2253 238 2340; x_wconf 82' lang='lat' dir='ltr'>siquidem</span> <span class='ocrx_word' id='word_1_156' title='bbox 256 2251 499 2336; x_wconf 86' lang='lat' dir='ltr'>Eratosthenes,</span> <span class='ocrx_word' id='word_1_157' title='bbox 521 2254 613 2318; x_wconf 91' lang='lat' dir='ltr'>cuius</span> <span class='ocrx_word' id='word_1_158' title='bbox 636 2253 791 2316; x_wconf 87' lang='lat' dir='ltr'>iudicium</span> <span class='ocrx_word' id='word_1_159' title='bbox 815 2256 913 2320; x_wconf 88' lang='lat' dir='ltr'>etiam</span> <span class='ocrx_word' id='word_1_160' title='bbox 924 2254 1005 2318; x_wconf 93' lang='lat' dir='ltr'>Hes.</span> <span class='ocrx_word' id='word_1_161' title='bbox 1029 2254 1186 2340; x_wconf 84' lang='lat' dir='ltr'>sequitur,</span> 
     </span>
     <span class='ocr_line' id='line_1_20' title="bbox 74 2351 1187 2438; baseline 0.001 -19"><span class='ocrx_word' id='word_1_162' title='bbox 74 2365 162 2419; x_wconf 88' lang='lat' dir='ltr'>recte</span> <span class='ocrx_word' id='word_1_163' title='bbox 192 2351 337 2437; x_wconf 84' lang='grc' dir='ltr'><strong><em>σισύραν</em></strong></span> <span class='ocrx_word' id='word_1_164' title='bbox 366 2355 452 2418; x_wconf 90' lang='lat' dir='ltr'>inter</span> <span class='ocrx_word' id='word_1_165' title='bbox 481 2363 514 2418; x_wconf 91' lang='lat' dir='ltr'>et</span> <span class='ocrx_word' id='word_1_166' title='bbox 544 2358 709 2438; x_wconf 80' lang='grc' dir='ltr'><strong><em>σίσυρναν</em></strong></span> <span class='ocrx_word' id='word_1_167' title='bbox 738 2377 805 2419; x_wconf 91' lang='lat' dir='ltr'>non</span> <span class='ocrx_word' id='word_1_168' title='bbox 831 2355 1055 2420; x_wconf 80' lang='lat' dir='ltr'>distinxerat’</span> <span class='ocrx_word' id='word_1_169' title='bbox 1104 2354 1187 2420; x_wconf 87' lang='lat' dir='ltr'>Mihi</span> 
     </span>
     <span class='ocr_line' id='line_1_21' title="bbox 74 2455 1186 2541; baseline 0 -21"><span class='ocrx_word' id='word_1_170' title='bbox 74 2466 186 2521; x_wconf 85' lang='lat' dir='ltr'>tamen</span> <span class='ocrx_word' id='word_1_171' title='bbox 206 2477 258 2522; x_wconf 92' lang='lat' dir='ltr'>res</span> <span class='ocrx_word' id='word_1_172' title='bbox 280 2457 377 2541; x_wconf 89' lang='lat' dir='ltr'>longe</span> <span class='ocrx_word' id='word_1_173' title='bbox 398 2456 495 2520; x_wconf 88' lang='lat' dir='ltr'>aliter</span> <span class='ocrx_word' id='word_1_174' title='bbox 523 2478 557 2520; x_wconf 91' lang='lat' dir='ltr'>se</span> <span class='ocrx_word' id='word_1_175' title='bbox 585 2455 706 2532; x_wconf 90' lang='lat' dir='ltr'>habere</span> <span class='ocrx_word' id='word_1_176' title='bbox 727 2457 869 2521; x_wconf 89' lang='lat' dir='ltr'>videtur.</span> <span class='ocrx_word' id='word_1_177' title='bbox 914 2456 1106 2537; x_wconf 78' lang='lat' dir='ltr'>Quisenim</span> <span class='ocrx_word' id='word_1_178' title='bbox 1128 2465 1186 2540; x_wconf 89' lang='lat' dir='ltr'>est,</span> 
     </span>
     <span class='ocr_line' id='line_1_22' title="bbox 78 2551 1186 2644; baseline 0 -23"><span class='ocrx_word' id='word_1_179' title='bbox 78 2559 133 2644; x_wconf 87' lang='lat' dir='ltr'>qui</span> <span class='ocrx_word' id='word_1_180' title='bbox 156 2557 220 2622; x_wconf 91' lang='lat' dir='ltr'>sibi</span> <span class='ocrx_word' id='word_1_181' title='bbox 241 2558 439 2644; x_wconf 86' lang='lat' dir='ltr'>persuadeat</span> <span class='ocrx_word' id='word_1_182' title='bbox 453 2557 703 2628; x_wconf 78' lang='lat' dir='ltr'>Eratosthenem</span> <span class='ocrx_word' id='word_1_183' title='bbox 726 2553 919 2642; x_wconf 83' lang='grc' dir='ltr'><strong><em>ύνδρύχνην</em></strong></span> <span class='ocrx_word' id='word_1_184' title='bbox 937 2567 969 2622; x_wconf 88' lang='lat' dir='ltr'>et</span> <span class='ocrx_word' id='word_1_185' title='bbox 984 2551 1186 2641; x_wconf 78' lang='grc' dir='ltr'><strong><em>ἅνδραχνον,</em></strong></span> 
     </span>
     <span class='ocr_line' id='line_1_23' title="bbox 78 2653 1188 2746; baseline 0.002 -24"><span class='ocrx_word' id='word_1_186' title='bbox 78 2657 223 2740; x_wconf 85' lang='grc' dir='ltr'><strong><em>σισύραν</em></strong></span> <span class='ocrx_word' id='word_1_187' title='bbox 251 2669 283 2723; x_wconf 91' lang='lat' dir='ltr'>et</span> <span class='ocrx_word' id='word_1_188' title='bbox 308 2663 408 2724; x_wconf 85' lang='grc' dir='ltr'><strong><em>σίσνν</em></strong></span> <span class='ocrx_word' id='word_1_189' title='bbox 431 2661 540 2745; x_wconf 90' lang='lat' dir='ltr'>potius</span> <span class='ocrx_word' id='word_1_190' title='bbox 558 2661 655 2724; x_wconf 84' lang='lat' dir='ltr'>&#39;inter</span> <span class='ocrx_word' id='word_1_191' title='bbox 682 2683 717 2724; x_wconf 90' lang='lat' dir='ltr'>se</span> <span class='ocrx_word' id='word_1_192' title='bbox 738 2663 976 2745; x_wconf 78' lang='lat' dir='ltr'>composuisse,</span> <span class='ocrx_word' id='word_1_193' title='bbox 1005 2681 1102 2746; x_wconf 87' lang='lat' dir='ltr'>quam</span> <span class='ocrx_word' id='word_1_194' title='bbox 1125 2653 1188 2724; x_wconf 85' lang='grc' dir='ltr'>ἆν-</span> 
     </span>
     <span class='ocr_line' id='line_1_24' title="bbox 78 2757 1187 2850; baseline 0.002 -26"><span class='ocrx_word' id='word_1_195' title='bbox 78 2759 226 2843; x_wconf 81' lang='grc' dir='ltr'><strong><em>δρύχνην</em></strong></span> <span class='ocrx_word' id='word_1_196' title='bbox 258 2770 290 2825; x_wconf 90' lang='lat' dir='ltr'>et</span> <span class='ocrx_word' id='word_1_197' title='bbox 318 2757 510 2845; x_wconf 80' lang='grc' dir='ltr'><strong><em>ύνδραχνον</em></strong></span> <span class='ocrx_word' id='word_1_198' title='bbox 537 2783 574 2826; x_wconf 90' lang='lat' dir='ltr'>eo</span> <span class='ocrx_word' id='word_1_199' title='bbox 607 2762 743 2828; x_wconf 89' lang='lat' dir='ltr'>consilio</span> <span class='ocrx_word' id='word_1_200' title='bbox 771 2763 806 2827; x_wconf 92' lang='lat' dir='ltr'>in</span> <span class='ocrx_word' id='word_1_201' title='bbox 828 2761 1102 2850; x_wconf 79' lang='lat' dir='ltr'>comparationem</span> <span class='ocrx_word' id='word_1_202' title='bbox 1131 2761 1187 2826; x_wconf 92' lang='lat' dir='ltr'>ad·</span> 
     </span>
     <span class='ocr_line' id='line_1_25' title="bbox 77 2859 1187 2946; baseline 0 -18"><span class='ocrx_word' id='word_1_203' title='bbox 77 2883 221 2946; x_wconf 89' lang='lat' dir='ltr'>vocasse,</span> <span class='ocrx_word' id='word_1_204' title='bbox 243 2873 280 2928; x_wconf 87' lang='lat' dir='ltr'>ut</span> <span class='ocrx_word' id='word_1_205' title='bbox 298 2863 545 2946; x_wconf 83' lang='lat' dir='ltr'>demonstraret,</span> <span class='ocrx_word' id='word_1_206' title='bbox 568 2865 655 2928; x_wconf 90' lang='lat' dir='ltr'>inter</span> <span class='ocrx_word' id='word_1_207' title='bbox 675 2859 841 2946; x_wconf 81' lang='grc' dir='ltr'><strong><em>σισύρνην</em></strong></span> <span class='ocrx_word' id='word_1_208' title='bbox 862 2872 895 2926; x_wconf 91' lang='lat' dir='ltr'>et</span> <span class='ocrx_word' id='word_1_209' title='bbox 912 2866 1074 2946; x_wconf 87' lang='grc' dir='ltr'><strong><em>σίσνρνον</em></strong></span> <span class='ocrx_word' id='word_1_210' title='bbox 1088 2865 1187 2928; x_wconf 80' lang='lat' dir='ltr'>inter—</span> 
     </span>
     <span class='ocr_line' id='line_1_26' title="bbox 77 2964 1186 3052; baseline 0.002 -23"><span class='ocrx_word' id='word_1_211' title='bbox 77 2987 139 3052; x_wconf 89' lang='lat' dir='ltr'>que</span> <span class='ocrx_word' id='word_1_212' title='bbox 168 2964 313 3050; x_wconf 89' lang='grc' dir='ltr'><strong><em>σισύραν</em></strong></span> <span class='ocrx_word' id='word_1_213' title='bbox 335 2975 367 3031; x_wconf 92' lang='lat' dir='ltr'>et</span> <span class='ocrx_word' id='word_1_214' title='bbox 390 2969 532 3050; x_wconf 83' lang='grc' dir='ltr'><strong><em>σίσαρον</em></strong></span> <span class='ocrx_word' id='word_1_215' title='bbox 555 2968 679 3050; x_wconf 69' lang='lat' dir='ltr'>(clavo)</span> <span class='ocrx_word' id='word_1_216' title='bbox 705 2987 770 3031; x_wconf 92' lang='lat' dir='ltr'>non</span> <span class='ocrx_word' id='word_1_217' title='bbox 796 2987 868 3030; x_wconf 81' lang='lat' dir='ltr'>esse</span> <span class='ocrx_word' id='word_1_218' title='bbox 892 2965 1066 3030; x_wconf 82' lang='lat' dir='ltr'>discrimen</span> <span class='ocrx_word' id='word_1_219' title='bbox 1087 2966 1186 3048; x_wconf 88' lang='lat' dir='ltr'>aliud,</span> 
     </span>
     <span class='ocr_line' id='line_1_27' title="bbox 75 3061 1187 3155; baseline 0.004 -25"><span class='ocrx_word' id='word_1_220' title='bbox 75 3067 140 3131; x_wconf 91' lang='lat' dir='ltr'>nisi</span> <span class='ocrx_word' id='word_1_221' title='bbox 165 3067 256 3154; x_wconf 79' lang='lat' dir='ltr'>quod</span> <span class='ocrx_word' id='word_1_222' title='bbox 285 3068 416 3133; x_wconf 82' lang='lat' dir='ltr'>diverso</span> <span class='ocrx_word' id='word_1_223' title='bbox 443 3089 564 3153; x_wconf 85' lang='lat' dir='ltr'>genere</span> <span class='ocrx_word' id='word_1_224' title='bbox 590 3069 745 3154; x_wconf 84' lang='lat' dir='ltr'>exituque</span> <span class='ocrx_word' id='word_1_225' title='bbox 766 3061 981 3155; x_wconf 69' lang='lat' dir='ltr'>proferantur.</span> <span class='ocrx_word' id='word_1_226' title='bbox 1026 3069 1101 3134; x_wconf 90' lang='lat' dir='ltr'>Vid.</span> <span class='ocrx_word' id='word_1_227' title='bbox 1125 3070 1187 3134; x_wconf 87' lang='lat' dir='ltr'>Lo-</span> 
     </span>
     <span class='ocr_line' id='line_1_28' title="bbox 77 3167 1186 3257; baseline 0.003 -25"><span class='ocrx_word' id='word_1_228' title='bbox 77 3167 173 3233; x_wconf 87' lang='lat' dir='ltr'>beck.</span> <span class='ocrx_word' id='word_1_229' title='bbox 195 3168 373 3255; x_wconf 84' lang='lat' dir='ltr'>Phrynich.</span> <span class='ocrx_word' id='word_1_230' title='bbox 393 3193 425 3257; x_wconf 92' lang='lat' dir='ltr'>p.</span> <span class='ocrx_word' id='word_1_231' title='bbox 439 3171 498 3235; x_wconf 88' lang='grc'>861</span> <span class='ocrx_word' id='word_1_232' title='bbox 526 3168 747 3234; x_wconf 80' lang='lat' dir='ltr'>Graefenhan.</span> <span class='ocrx_word' id='word_1_233' title='bbox 767 3169 887 3234; x_wconf 81' lang='lat' dir='ltr'>Gesch.</span> <span class='ocrx_word' id='word_1_234' title='bbox 907 3170 939 3234; x_wconf 94' lang='lat' dir='ltr'>d.</span> <span class='ocrx_word' id='word_1_235' title='bbox 959 3171 1054 3235; x_wconf 88' lang='lat' dir='ltr'>class.</span> <span class='ocrx_word' id='word_1_236' title='bbox 1067 3170 1186 3236; x_wconf 92' lang='lat' dir='ltr'>Philol.</span> 
     </span>
     <span class='ocr_line' id='line_1_29' title="bbox 77 3267 1187 3358; baseline 0.001 -24"><span class='ocrx_word' id='word_1_237' title='bbox 77 3269 141 3334; x_wconf 89' lang='lat' dir='ltr'>vol.</span> <span class='ocrx_word' id='word_1_238' title='bbox 164 3271 183 3333; x_wconf 93' lang='lat' dir='ltr'>I</span> <span class='ocrx_word' id='word_1_239' title='bbox 204 3293 235 3356; x_wconf 91' lang='lat' dir='ltr'>p.</span> <span class='ocrx_word' id='word_1_240' title='bbox 262 3275 333 3335; x_wconf 82' lang='lat'>171.</span> <span class='ocrx_word' id='word_1_241' title='bbox 376 3271 449 3336; x_wconf 89' lang='lat' dir='ltr'>Hoc</span> <span class='ocrx_word' id='word_1_242' title='bbox 475 3270 539 3335; x_wconf 92' lang='lat' dir='ltr'>sibi</span> <span class='ocrx_word' id='word_1_243' title='bbox 560 3270 632 3334; x_wconf 88' lang='lat' dir='ltr'>vult</span> <span class='ocrx_word' id='word_1_244' title='bbox 653 3269 854 3356; x_wconf 86' lang='lat' dir='ltr'>Hesychius:</span> <span class='ocrx_word' id='word_1_245' title='bbox 878 3275 1100 3358; x_wconf 83' lang='grc' dir='ltr'><strong><em>σίσνρνον·</em></strong></span> <span class='ocrx_word' id='word_1_246' title='bbox 1125 3267 1187 3355; x_wconf 81' lang='grc' dir='ltr'>τὴν</span> 
     </span>
     <span class='ocr_line' id='line_1_30' title="bbox 78 3367 1188 3460; baseline 0.003 -26"><span class='ocrx_word' id='word_1_247' title='bbox 78 3371 177 3454; x_wconf 82' lang='lat' dir='ltr'>(addo</span> <span class='ocrx_word' id='word_1_248' title='bbox 200 3370 267 3454; x_wconf 82' lang='lat' dir='ltr'>ucri)</span> <span class='ocrx_word' id='word_1_249' title='bbox 289 3369 456 3455; x_wconf 77' lang='grc' dir='ltr'><strong><em>σισύρνην</em></strong></span> <span class='ocrx_word' id='word_1_250' title='bbox 478 3373 513 3437; x_wconf 87' lang='lat' dir='ltr'>ol</span> <span class='ocrx_word' id='word_1_251' title='bbox 532 3367 615 3436; x_wconf 82' lang='grc' dir='ltr'><strong><em>κατὰ</em></strong></span> <span class='ocrx_word' id='word_1_252' title='bbox 640 3370 773 3455; x_wconf 79' lang='grc' dir='ltr'><strong><em>Λιβύην</em></strong></span> <span class='ocrx_word' id='word_1_253' title='bbox 794 3371 859 3438; x_wconf 85' lang='grc' dir='ltr'>κτὲ.</span> <span class='ocrx_word' id='word_1_254' title='bbox 887 3373 949 3438; x_wconf 80' lang='lat' dir='ltr'>Oui</span> <span class='ocrx_word' id='word_1_255' title='bbox 968 3395 1074 3460; x_wconf 90' lang='lat' dir='ltr'>neque</span> <span class='ocrx_word' id='word_1_256' title='bbox 1095 3373 1188 3437; x_wconf 89' lang='lat' dir='ltr'>deest</span> 
     </span>
     <span class='ocr_line' id='line_1_31' title="bbox 78 3467 1188 3560; baseline 0.005 -26"><span class='ocrx_word' id='word_1_257' title='bbox 78 3476 266 3554; x_wconf 82' lang='grc' dir='ltr'><strong><em>σίσνρος·</em></strong></span> <span class='ocrx_word' id='word_1_258' title='bbox 288 3471 479 3559; x_wconf 76' lang='grc' dir='ltr'><strong><em>γράμματος</em></strong></span> <span class='ocrx_word' id='word_1_259' title='bbox 502 3469 738 3558; x_wconf 79' lang='grc' dir='ltr'>(1.ῥύμματος)</span> <span class='ocrx_word' id='word_1_260' title='bbox 762 3467 859 3550; x_wconf 82' lang='grc' dir='ltr'><strong><em>εἶδος.</em></strong></span> <span class='ocrx_word' id='word_1_261' title='bbox 903 3474 1066 3540; x_wconf 86' lang='lat' dir='ltr'>Distinxit</span> <span class='ocrx_word' id='word_1_262' title='bbox 1086 3477 1188 3560; x_wconf 87' lang='lat' dir='ltr'>igitur</span> 
     </span>
     <span class='ocr_line' id='line_1_32' title="bbox 79 3573 1188 3663; baseline 0.004 -27"><span class='ocrx_word' id='word_1_263' title='bbox 79 3573 314 3638; x_wconf 79' lang='lat' dir='ltr'>Eratosthenes</span> <span class='ocrx_word' id='word_1_264' title='bbox 344 3575 431 3639; x_wconf 87' lang='lat' dir='ltr'>inter</span> <span class='ocrx_word' id='word_1_265' title='bbox 462 3574 624 3658; x_wconf 85' lang='grc' dir='ltr'><strong><em>σισύραν,</em></strong></span> <span class='ocrx_word' id='word_1_266' title='bbox 657 3598 677 3638; x_wconf 91' lang='lat' dir='ltr'>a</span> <span class='ocrx_word' id='word_1_267' title='bbox 707 3598 769 3663; x_wconf 91' lang='lat' dir='ltr'>quo</span> <span class='ocrx_word' id='word_1_268' title='bbox 802 3575 961 3640; x_wconf 86' lang='lat' dir='ltr'>vocabulo</span> <span class='ocrx_word' id='word_1_269' title='bbox 990 3576 1095 3641; x_wconf 88' lang='lat' dir='ltr'>forma</span> <span class='ocrx_word' id='word_1_270' title='bbox 1122 3600 1188 3642; x_wconf 92' lang='lat' dir='ltr'>non</span> 
     </span>
     <span class='ocr_line' id='line_1_33' title="bbox 78 3674 1269 3763; baseline 0.004 -24"><span class='ocrx_word' id='word_1_271' title='bbox 78 3674 317 3759; x_wconf 87' lang='lat' dir='ltr'>significatione</span> <span class='ocrx_word' id='word_1_272' title='bbox 345 3677 477 3742; x_wconf 89' lang='lat' dir='ltr'>diversa</span> <span class='ocrx_word' id='word_1_273' title='bbox 504 3676 659 3746; x_wconf 89' lang='lat' dir='ltr'>censebat</span> <span class='ocrx_word' id='word_1_274' title='bbox 685 3676 846 3752; x_wconf 84' lang='lat' dir='ltr'>vocabula</span> <span class='ocrx_word' id='word_1_275' title='bbox 870 3681 1007 3763; x_wconf 82' lang='grc' dir='ltr'><strong><em>σι’σνρος</em></strong></span> <span class='ocrx_word' id='word_1_276' title='bbox 1029 3688 1061 3743; x_wconf 87' lang='lat' dir='ltr'>et</span> <span class='ocrx_word' id='word_1_277' title='bbox 1080 3682 1187 3760; x_wconf 76' lang='grc' dir='ltr'><strong><em>σίσνς,</em></strong></span> <span class='ocrx_word' id='word_1_278' title='bbox 1267 3705 1269 3708; x_wconf 95' lang='grc'><strong><em>·</em></strong></span> 
     </span>
     <span class='ocr_line' id='line_1_34' title="bbox 80 3773 1188 3866; baseline 0.005 -26"><span class='ocrx_word' id='word_1_279' title='bbox 80 3786 111 3840; x_wconf 92' lang='lat' dir='ltr'>et</span> <span class='ocrx_word' id='word_1_280' title='bbox 133 3773 318 3862; x_wconf 81' lang='grc' dir='ltr'><strong><em>σισύρνην,</em></strong></span> <span class='ocrx_word' id='word_1_281' title='bbox 351 3779 439 3865; x_wconf 90' lang='lat' dir='ltr'>quod</span> <span class='ocrx_word' id='word_1_282' title='bbox 459 3779 646 3844; x_wconf 84' lang='lat' dir='ltr'>vestimenti</span> <span class='ocrx_word' id='word_1_283' title='bbox 669 3800 772 3863; x_wconf 90' lang='lat' dir='ltr'>genus</span> <span class='ocrx_word' id='word_1_284' title='bbox 793 3779 924 3844; x_wconf 88' lang='lat' dir='ltr'>fuerunt</span> <span class='ocrx_word' id='word_1_285' title='bbox 946 3782 1002 3866; x_wconf 91' lang='lat' dir='ltr'>qui</span> <span class='ocrx_word' id='word_1_286' title='bbox 1024 3783 1188 3863; x_wconf 87' lang='grc' dir='ltr'><strong><em>σίσυρνον</em></strong></span> 
     </span>
     <span class='ocr_line' id='line_1_35' title="bbox 80 3879 1184 3968; baseline 0.005 -27"><span class='ocrx_word' id='word_1_287' title='bbox 80 3879 189 3942; x_wconf 90' lang='lat' dir='ltr'>dicere</span> <span class='ocrx_word' id='word_1_288' title='bbox 208 3879 353 3944; x_wconf 85' lang='lat' dir='ltr'>mallent.</span> <span class='ocrx_word' id='word_1_289' title='bbox 393 3881 622 3946; x_wconf 88' lang='lat' dir='ltr'>Differentiam</span> <span class='ocrx_word' id='word_1_290' title='bbox 644 3880 719 3944; x_wconf 92' lang='lat' dir='ltr'>hinc</span> <span class='ocrx_word' id='word_1_291' title='bbox 740 3881 878 3968; x_wconf 87' lang='lat' dir='ltr'>profecti</span> <span class='ocrx_word' id='word_1_292' title='bbox 896 3882 993 3945; x_wconf 87' lang='lat' dir='ltr'>etiarn</span> <span class='ocrx_word' id='word_1_293' title='bbox 1011 3881 1069 3946; x_wconf 87' lang='lat' dir='ltr'>alii</span> <span class='ocrx_word' id='word_1_294' title='bbox 1089 3903 1184 3965; x_wconf 87' lang='lat' dir='ltr'>agno·</span> 
     </span>
     <span class='ocr_line' id='line_1_36' title="bbox 81 3980 1186 4068; baseline 0.004 -24"><span class='ocrx_word' id='word_1_295' title='bbox 81 3987 183 4061; x_wconf 86' lang='lat' dir='ltr'>scunt,</span> <span class='ocrx_word' id='word_1_296' title='bbox 206 3980 310 4045; x_wconf 89' lang='lat' dir='ltr'>veluti</span> <span class='ocrx_word' id='word_1_297' title='bbox 332 3983 388 4068; x_wconf 89' lang='lat' dir='ltr'>qui</span> <span class='ocrx_word' id='word_1_298' title='bbox 409 3983 552 4046; x_wconf 90' lang='lat' dir='ltr'>omnium</span> <span class='ocrx_word' id='word_1_299' title='bbox 574 3983 678 4047; x_wconf 89' lang='lat' dir='ltr'>instar</span> <span class='ocrx_word' id='word_1_300' title='bbox 699 3992 749 4047; x_wconf 90' lang='lat' dir='ltr'>est</span> <span class='ocrx_word' id='word_1_301' title='bbox 767 3982 919 4046; x_wconf 88' lang='lat' dir='ltr'>Ammon.</span> <span class='ocrx_word' id='word_1_302' title='bbox 939 4004 971 4068; x_wconf 92' lang='lat' dir='ltr'>p.</span> <span class='ocrx_word' id='word_1_303' title='bbox 989 3985 1046 4048; x_wconf 81' lang='lat'>128</span> <span class='ocrx_word' id='word_1_304' title='bbox 1068 3984 1186 4048; x_wconf 85' lang='lat' dir='ltr'>Valck.</span> 
     </span>
     <span class='ocr_line' id='line_1_37' title="bbox 81 4080 1188 4172; baseline 0.004 -28"><span class='ocrx_word' id='word_1_305' title='bbox 81 4080 120 4145; x_wconf 86' lang='lat' dir='ltr'>ab</span> <span class='ocrx_word' id='word_1_306' title='bbox 140 4081 366 4148; x_wconf 87' lang='lat' dir='ltr'>Eratosthenis</span> <span class='ocrx_word' id='word_1_307' title='bbox 386 4085 507 4148; x_wconf 87' lang='lat' dir='ltr'>iudicio</span> <span class='ocrx_word' id='word_1_308' title='bbox 528 4091 615 4148; x_wconf 87' lang='lat' dir='ltr'>totus</span> <span class='ocrx_word' id='word_1_309' title='bbox 638 4085 793 4172; x_wconf 87' lang='lat' dir='ltr'>pendens,</span> <span class='ocrx_word' id='word_1_310' title='bbox 815 4085 879 4148; x_wconf 87' lang='lat' dir='ltr'>nisi</span> <span class='ocrx_word' id='word_1_311' title='bbox 902 4086 988 4170; x_wconf 92' lang='lat' dir='ltr'>quod</span> <span class='ocrx_word' id='word_1_312' title='bbox 1010 4080 1188 4168; x_wconf 79' lang='grc' dir='ltr'><strong><em>κροκύδων</em></strong></span> 
     </span>
     <span class='ocr_line' id='line_1_38' title="bbox 82 4180 1189 4272; baseline 0.007 -29"><span class='ocrx_word' id='word_1_313' title='bbox 82 4180 160 4267; x_wconf 89' lang='lat' dir='ltr'>legit</span> <span class='ocrx_word' id='word_1_314' title='bbox 186 4206 246 4270; x_wconf 93' lang='lat' dir='ltr'>pro</span> <span class='ocrx_word' id='word_1_315' title='bbox 275 4186 429 4259; x_wconf 67' lang='lat' dir='ltr'>andiunt.</span> <span class='ocrx_word' id='word_1_316' title='bbox 462 4185 576 4272; x_wconf 87' lang='lat' dir='ltr'>Neque</span> <span class='ocrx_word' id='word_1_317' title='bbox 599 4186 751 4250; x_wconf 88' lang='lat' dir='ltr'>dissentit</span> <span class='ocrx_word' id='word_1_318' title='bbox 771 4187 958 4272; x_wconf 85' lang='lat' dir='ltr'>Hesychius</span> <span class='ocrx_word' id='word_1_319' title='bbox 986 4187 1055 4250; x_wconf 90' lang='lat' dir='ltr'>sive</span> <span class='ocrx_word' id='word_1_320' title='bbox 1076 4195 1189 4251; x_wconf 88' lang='lat' dir='ltr'>auctor</span> 
     </span>
     <span class='ocr_line' id='line_1_39' title="bbox 84 4281 1188 4372; baseline 0.004 -26"><span class='ocrx_word' id='word_1_321' title='bbox 84 4281 180 4348; x_wconf 85' lang='lat' dir='ltr'>lexioi</span> <span class='ocrx_word' id='word_1_322' title='bbox 199 4287 318 4370; x_wconf 82' lang='lat' dir='ltr'>tragici</span> <span class='ocrx_word' id='word_1_323' title='bbox 340 4309 365 4349; x_wconf 91' lang='lat' dir='ltr'>s.</span> <span class='ocrx_word' id='word_1_324' title='bbox 388 4309 420 4349; x_wconf 89' lang='lat' dir='ltr'>v.</span> <span class='ocrx_word' id='word_1_325' title='bbox 442 4283 654 4372; x_wconf 78' lang='grc' dir='ltr'><strong><em>σισυρνύδης</em></strong></span> <span class='ocrx_word' id='word_1_326' title='bbox 675 4285 786 4370; x_wconf 77' lang='grc' dir='ltr'><strong><em>στολή.</em></strong></span> <span class='ocrx_word' id='word_1_327' title='bbox 812 4288 867 4351; x_wconf 85' lang='lat' dir='ltr'>Ex</span> <span class='ocrx_word' id='word_1_328' title='bbox 887 4294 979 4372; x_wconf 89' lang='lat' dir='ltr'>parte</span> <span class='ocrx_word' id='word_1_329' title='bbox 1001 4287 1188 4352; x_wconf 80' lang='lat' dir='ltr'>Eratosthe-</span> 
     </span>
    </p>
   </div>
   <div class='ocr_carea' id='block_1_3' title="bbox 0 0 1421 4868">
    <p class='ocr_par' dir='ltr' id='par_1_3' title="bbox 0 0 1421 4868">
     <span class='ocr_line' id='line_1_40' title="bbox 0 0 1421 4868; baseline 0 0"><span class='ocrx_word' id='word_1_330' title='bbox 0 0 1421 4868; x_wconf 95' lang='lat' dir='ltr'> </span> 
     </span>
    </p>
   </div>
  </div>
 </body>
</html>
