2866 4882
1149 380 1209 442 281

97 547 278 630 συγχέουσι
302 542 338 610 δὲ
358 541 420 629 τὴν
443 543 479 610 ἐν
499 541 669 628 ἑκατέραις
690 541 859 628 διαφοράν
889 545 946 632 (cf.
970 545 1052 610 Hoc.
1075 547 1109 632 4)
1135 546 1210 612 coll.

95 649 248 712 Ammon.
274 648 319 712 ,de
348 647 417 711 diff.
450 670 482 734 p.
503 649 543 710 50
573 648 718 711 ἔνδον·
747 651 927 731 Σοφοκλῆς
954 642 1015 731 τὴν
1041 643 1210 731 διαφορὰν

95 759 214 831 συγχεῖ
221 775 227 788 ·
251 746 332 831 φησὶ
356 743 420 830 γὰρ
444 747 480 812 ἐν
503 752 693 832 Τραχινίαις
717 749 826 835 (204)·
851 758 1030 830 “γυναῖκ,ες
1054 745 1119 814 αἴτ’
1144 752 1209 814 ἔσω

98 851 217 932 στέγης
238 852 274 915 αἴ
291 845 321 916 τ’
345 846 462 934 ἐκτός,’
484 851 563 915 δέον
584 855 689 917 εἰπεῖν
698 865 708 892 ·’
729 862 887 933 γυναῖκες
909 852 978 918 αἵτε
992 853 1105 938 ἔνδον,
1128 875 1210 940 quae

98 953 197 1016 fidem
225 952 350 1017 faciunt
378 953 411 1015 in
436 952 536 1017 schol.
568 954 666 1041 Soph.
692 952 810 1019 Trach.
834 951 856 1017 l.
880 974 908 1016 ο.
938 953 1101 1017 excidisse
1122 948 1159 1018 τὸ
1181 977 1210 1036 χ.

98 1055 208 1141 Atque
223 1055 371 1118 confusio
387 1077 441 1118 vv.
457 1058 535 1118 είσω
554 1064 586 1118 et
602 1057 703 1120 ἔνδον
718 1053 893 1119 notabatur
912 1053 953 1118 ab
964 1055 1150 1120 Aristonico
1169 1055 1212 1119 ad

97 1155 197 1218 Hom.
220 1155 341 1241 Odyss.
368 1179 389 1238 η
415 1158 451 1218 13
477 1155 577 1221 schol.
602 1156 673 1220 Pal.
717 1155 814 1219 Adde
841 1177 936 1218 usum
957 1156 1109 1222 vocabuli
1130 1153 1212 1222 τοίσ-

99 1275 174 1321 σειν
197 1257 360 1343 (τέταχεν)
384 1255 544 1320 Androm.
569 1247 630 1322 967
652 1256 724 1320 VR.
748 1256 821 1320 coll.
845 1255 945 1320 schol.
966 1255 1065 1345 Soph.
1088 1258 1165 1322 Ant.
1194 1263 1207 1321 1

99 1360 245 1445 Hesyoh.
268 1354 386 1422 κοινόν
407 1357 488 1420 Eur.
506 1357 579 1421 Alc.
598 1359 659 1420 928
682 1352 822 1434 dtc9.·-
838 1358 892 1420 De
910 1357 1005 1423 Phot.
1022 1359 1086 1424 lex.
1108 1363 1207 1443 482,1

100 1461 265 1546 ῥακχίζειν
289 1499 331 1510 —-
353 1455 398 1536 τίς
426 1475 509 1542 φησι
533 1507 631 1524 .....
664 1452 744 1540 παρ’
774 1451 944 1544 Εὐριπίδῃ
969 1461 1050 1526 dixi.
1068 1499 1111 1512 -
1132 1463 1211 1526 Fre·

99 1583 202 1648 quens
231 1562 327 1624 etiam
355 1562 389 1624 in
419 1559 550 1624 scholiis
580 1559 755 1647 Didymeis
790 1559 930 1624 formula
958 1554 1160 1646 εὐεπίῳορος
1191 1542 1209 1628 d

99 1663 194 1732 δεῖνα
217 1664 263 1736 είς
285 1657 321 1726 τὸ
345 1661 456 1745 λέγειν
474 1658 539 1724 κτὲ.

186 1763 382 1828 Huiusmodi
412 1761 562 1848 exempla
591 1761 657 1826 alia
690 1760 731 1825 ab
762 1761 834 1826 aliis
863 1770 894 1826 et
923 1772 1052 1850 reperta
1079 1775 1212 1831 suntet

99 1872 254 1951 poterunt
276 1864 427 1949 reperiri:
458 1884 519 1946 ego
549 1865 697 1948 apposui¹
713 1885 796 1947 quae
825 1872 857 1927 et
884 1866 1060 1930 memoriae
1089 1874 1121 1932 et
1141 1889 1212 1952 per-

99 1966 252 2030 lustranti
276 1964 356 2028 mihi
379 1964 578 2028 collectanea
599 1986 672 2028 mea
690 1966 797 2050 prima
817 1988 889 2030 sese
912 1966 1109 2032 obtulerunt.

184 2065 255 2130 Iam
276 2079 355 2130 vero
377 2066 487 2152 paullo
509 2067 693 2130 accuratius
713 2068 914 2151 pertexenda
936 2069 1013 2149 erit,
1041 2091 1137 2154 quam
1160 2093 1211 2134 su·

97 2190 159 2254 pra
180 2169 293 2252 primis
310 2176 439 2231 tantum
459 2168 555 2232 lineis
582 2167 785 2248 adumbravi,
808 2169 849 2232 de
871 2168 1105 2233 dissidentibus
1130 2171 1211 2233 artis
1321 2188 1327 2197 ·

97 2267 297 2352 Euripideae
330 2268 606 2333 existimatoribus
637 2267 824 2352 disputatio.
869 2266 1023 2331 Diximus
1050 2269 1130 2332 duas
1155 2268 1212 2332 ob-

98 2369 321 2432 servationum
349 2371 450 2433 series
478 2371 648 2453 continuas
675 2377 840 2455 tamquam
866 2368 922 2432 fila
952 2369 1042 2451 duci,
1075 2369 1212 2433 alteram

97 2469 253 2552 candide,
282 2468 418 2533 alteram
448 2473 591 2558 iniquius
618 2471 659 2534 de
680 2478 795 2556 poetae
817 2480 887 2535 arto
907 2472 1116 2536 iudicantem.
1161 2472 1212 2536 Ae

32 2563 34 2565 ’
99 2571 218 2656 prioris
243 2571 375 2656 quidem
400 2582 513 2638 auctor
535 2573 684 2654 alterius,
714 2595 810 2659 quem
830 2575 990 2659 respexit,
1023 2584 1133 2659 aperte
1156 2574 1211 2639 ad-

100 2673 282 2736 versarium
297 2695 369 2737 sese
382 2683 531 2739 testatur.
556 2673 663 2738 Schol.
675 2675 832 2741 Androm.
844 2678 884 2739 32
898 2675 977 2741 (tob.
995 2677 1036 2740 οί
1044 2700 1069 2758 φ
1078 2672 1212 2752 αιίλοις

98 2767 548 2858 ὑπομνηματισάμενοι
572 2773 857 2864 έγκαλοῦσιτῳ
874 2770 1043 2860 Εὐριπίδη
1058 2771 1211 2857 φάσκον-

100 2902 154 2954 τες
176 2876 229 2942 ἐπὶ
251 2887 420 2960 τραγικοῖς
442 2873 633 2957 προσώποις
657 2878 835 2963 κωμῳδίαν
849 2872 953 2941 αὐτὸν
968 2878 1210 2942 διατεθεῖσθαι.

100 2983 273 3062 γυναικών
300 3001 335 3043 τε
363 2973 427 3059 γὰρ
457 2970 621 3052 ὑπονοίας
648 2972 723 3040 ’κατ’
753 2971 906 3060 ἀλλήλων
934 2977 989 3042 καὶ
1016 2975 1134 3061 ζήλους
1157 2974 1212 3040 καὶ

100 3083 270 3162 λοιδορίας
289 3081 344 3144 καὶ
368 3073 453 3142 ἄλλα
473 3071 535 3142 ὅσα
559 3080 605 3155 είς
624 3079 802 3165 κωμῳδίαν
821 3083 977 3143 συντελεῖ
997 3082 1101 3142 ταῦτα
1123 3073 1211 3142 ἁπα-

100 3178 250 3259 ξάπαντα
276 3184 375 3245 τοῦτο
390 3173 427 3242 τὸ
445 3180 555 3261 δρᾶμα
570 3178 833 3263 περιειληφέναι,
857 3173 1129 3262 ἀγνοοῦντες.
1149 3174 1212 3245 ὅσα

101 3278 166 3366 γὰρ
196 3285 242 3359 είς
270 3281 457 3367 τραγῳδίαν
485 3284 638 3344 συντελεῖ
660 3284 764 3345 ταῦτα
786 3279 946 3364 περιέχει,
978 3276 1039 3344 τὸν
1059 3278 1212 3345 θάνατον

101 3387 164 3448 τοῦ
186 3381 426 3464 Νεοπτολέμου
449 3373 504 3445 καὶ
526 3383 661 3462 θρῆνον
682 3383 820 3464 Πηλέως
850 3380 886 3447 έν
908 3381 1009 3465 τέλει,
1037 3376 1122 3461 δι’περ
1143 3381 1212 3446 ἐστι

101 3485 300 3570 τραγῳδίαςε
328 3521 371 3530 -
398 3482 469 3545 VR.
492 3483 650 3548 Androm.
675 3487 736 3547 724
765 3485 874 3547 ἔνιοί
893 3499 993 3564 φασι
1021 3477 1110 3564 παρὰ
1132 3478 1212 3558 τοὺς

100 3582 246 3666 χρόνους
267 3587 474 3648 αἰνίττεσθαι
495 3579 534 3646 τὰ
548 3583 860 3665 Πελοποννησιακά.
884 3578 960 3645 οὐκ
982 3576 1213 3663 ἀναγκαῖον

99 3675 177 3749 οὖν
202 3694 603 3766 κατασυκοῳαντεϊν
630 3679 690 3748 τὸν
716 3681 923 3766 Εὐριπίδην,
955 3676 1039 3746 ἀλλὰ
1068 3679 1211 3763 φάσκειν

102 3782 269 3869 πλάσματι
297 3787 491 3868 κεχρῆσθαι.
517 3785 628 3849 idem
657 3787 699 3850 ad
722 3786 821 3850 Rhes.
850 3791 912 3850 476
942 3806 1035 3847 suurn
1056 3785 1212 3868 interpre-

101 3888 193 3951 tandi
228 3895 379 3950 conatum
408 3884 560 3949 laudibus
594 3888 687 3952 effert
718 3880 739 3969 ἡ
764 3882 802 3951 δὲ
829 3880 912 3967 καλὴ
941 3882 1093 3968 ἐξήγησις
1116 3879 1210 3966 αὕτη,

100 3988 151 4051 Αο
180 3988 261 4051 locis
290 3986 360 4050 fere
388 3988 567 4049 innumeris
594 3987 729 4072 vulgata
754 3987 887 4051 Arsenii
910 3985 1034 4050 scholia
1055 3985 1213 4049 adversus

100 4089 249 4153 indoctos
264 4083 529 4174 (ἀπαιδεύτους),
550 4087 616 4151 tela
631 4098 752 4153 acuunt
767 4110 847 4175 quos
864 4096 896 4151 et
910 4086 1064 4171 colligere
1081 4085 1214 4167 longum

99 4199 132 4254 et
154 4190 187 4252 h.
210 4188 403 4253 inmittere
424 4188 645 4274 prudentioris
666 4197 731 4271 est,
761 4211 802 4252 ne
827 4187 1061 4272 Byzantiorum
1082 4185 1213 4270 lupinae

95 4313 155 4378 pro
186 4312 261 4358 aere
294 4298 447 4356 veneant.
506 4288 603 4374 Quod
643 4289 797 4356 adnotavi
830 4294 962 4378 propter
996 4284 1096 4353 schol.
1128 4287 1208 4354 Eur.
