2866 4882
226 343 287 404 366

225 510 342 594 pressi.
397 508 541 592 Egregie
571 530 650 572 vero
686 508 945 592 fragmentorum
976 531 1036 594 par
1068 512 1099 598 (l
1130 519 1164 574 et
1194 511 1228 596 3)
1258 511 1352 575 favet

225 610 432 674 coniecturae
460 617 590 672 nostrae
619 629 717 693 supra
741 611 945 697 propositae,
975 621 1106 696 praeter
1129 611 1232 694 ξένην
1256 613 1351 676 ίστο-

226 712 304 793 ρίαν
331 708 469 772 alterum
497 710 595 772 etiam
622 711 813 795 opuseulum
836 711 987 797 idemque
1017 712 1133 776 similis
1158 714 1349 796 argumenti
1413 751 1415 754 -

223 811 445 897 composuisse
469 810 660 896 Didymum,
682 809 957 896 μεταμορφώσεις
979 811 1185 899 inscriptum.

310 911 403 976 Haec
430 912 501 976 fere
527 910 644 992 habui,
674 935 757 999 quae
781 913 822 977 de
849 913 933 978 libro
960 915 1055 996 ξένης
1080 915 1230 995 ίστορίας
1262 935 1347 978 com-

224 1022 396 1078 mentarer.
451 1013 623 1099 Superest,
663 1034 727 1099 quo
760 1015 879 1076 certius
913 1015 1127 1100 persuadeam
1163 1013 1345 1078 lectoribus

224 1119 303 1179 satis
332 1117 477 1178 ieiunum
504 1115 697 1202 futilemque
719 1135 754 1177 se
776 1114 962 1178 fabularum
985 1125 1208 1180 enarratorem
1234 1118 1270 1178 in
1294 1117 1344 1178 his

224 1218 317 1281 libris
343 1217 546 1304 praestitisse
570 1216 769 1303 Didymum,
799 1239 905 1303 neque
921 1218 1061 1281 'eosdem
1087 1218 1224 1280 maioris
1247 1217 1345 1302 pretii

225 1319 338 1402 fuisse,
362 1339 458 1404 quam
470 1317 662 1403 Palaephati
680 1318 846 1403 personati
861 1317 1007 1381 libellum
1023 1317 1063 1381 de
1078 1316 1344 1398 incredibilibus,

209 1427 259 1485 'ut
292 1417 525 1484 transscribam
560 1439 642 1504 quae
673 1440 724 1504 ap.
760 1417 861 1482 schol.
890 1418 968 1480 Eur.
999 1417 1087 1482 Med.
1119 1420 1182 1481 276
1218 1418 1285 1481 vol.
1315 1417 1345 1480 V

222 1547 255 1609 p.
278 1527 339 1586 357
373 1519 489 1584 Matth.
519 1521 559 1583 de
587 1518 724 1582 Medeae
757 1518 932 1583 liberorum
957 1520 1090 1582 interitu
1118 1520 1266 1581 somniat
1286 1517 1345 1581 Di-

225 1623 357 1708 dymus,
377 1622 496 1683 atrocis
517 1620 715 1684 infanticidii
737 1621 872 1684 crimine
896 1620 1030 1683 studens
1052 1628 1088 1682 ut
1110 1619 1267 1682 Medeam
1289 1617 1344 1681 ab·

224 1723 345 1786 solvat:
386 1718 448 1804 τὴν
475 1717 539 1802 γὰρ
565 1718 723 1804 Μήδειαν
753 1722 840 1803 λέγει
874 1723 934 1807 (sc.
959 1720 1179 1806 Creophylus)
1210 1721 1344 1801 διατρί-

185 1855 186 1860 ’
224 1830 355 1909 βουσαν
376 1823 413 1887 ἐν
428 1826 589 1911 Κορίνθῳ
609 1819 669 1887 τὸν
690 1817 836 1905 ἄρχοντα
857 1822 931 1886 τότε
953 1826 1011 1904 τῆς
1033 1819 1162 1896 πόλεως
1181 1813 1345 1884 ἀποκτεῖ-

223 1949 279 1989 ναι
297 1923 496 2007 φαρμάκοις.
518 1927 677 1990 δείσασαν
699 1922 736 1988 δὲ
758 1919 837 2000 τους
859 1928 980 2006 φίλους
997 1925 1051 1987 καί
1068 1916 1148 1997 τούς
1163 1934 1345 2004 συγγενεῖς

223 2023 330 2091 αὐτοῦ
356 2037 479 2110 φυγεῖν
509 2029 554 2103 είς
574 2021 735 2109 Ἀθήνας,
767 2023 846 2102 τούς
875 2026 911 2090 δὲ
935 2024 1049 2109 vicele,
1085 2024 1155 2089 ἐπεί
1177 2022 1345 2107 νεώτεροι

102 2213 104 2216 Ι
223 2122 320 2204 ὄντες
348 2123 411 2192 οὐκ
436 2123 606 2211 ἠδύναντο
635 2122 840 2192 ἀκολουθεῖν
865 2131 1003 2192 καθίσαι
1037 2128 1099 2212 (sio
1117 2126 1256 2208 Matth.,
1281 2150 1346 2190 κα-

222 2239 314 2296 θιεῖν
332 2231 443 2314 codd.)
469 2228 522 2294 ἐπὶ
543 2225 603 2293 τὸν
625 2224 742 2312 βωμὸν
764 2232 823 2310 τῆς
840 2223 995 2312 Ἀκραίας
1005 2223 1126 2311 Ἥρας,
1150 2229 1345 2308 νομίσασαν

223 2327 284 2395 τδν
307 2330 432 2414 πατέρα
453 2326 567 2395 αὐτῶν
586 2340 761 2413 φροντιεῖν
782 2333 840 2412 τῆς
860 2333 1024 2414 σωτηρίας
1044 2325 1166 2394 αὐτῶν.
1199 2322 1282 2404 τούς
1306 2327 1344 2392 δὲ

223 2433 393 2517 Κρέοντος
414 2435 559 2509 οἰκείους
577 2425 839 2506 ἀποκτείναντας
862 2425 987 2507 αὐτοὺς
1007 2431 1184 2494 διαδοῦναι
1202 2427 1342 2512 λόγους,

224 2530 276 2599 ὅτι
299 2527 320 2618 ἡ
340 2531 476 2617 Μήδεια
502 2527 545 2596 οὐ
572 2529 679 2616 μόνον
708 2527 768 2596 τὸν
793 2531 946 2614 Κρέοντα
969 2526 1053 2596 ἀλλὰ
1076 2529 1131 2595 καὶ
1153 2526 1237 2607 τοὺς
1259 2529 1344 2594 ἑαν-

223 2641 282 2721 τῆς
300 2629 426 2713 παῖδας
441 2629 623 2699 ἀπέκτεινε.
655 2632 830 2715 γεγονέναι
850 2629 887 2697 δὲ
907 2629 1141 2716 παραπλήσιον
1154 2630 1344 2715 μυθεύε-

223 2761 288 2803 ται
316 2739 382 2803 καὶ
413 2735 508 2820 περὶ
539 2730 612 2799 τὸν
636 2729 825 2799 Ἄδωνιν.
880 2733 933 2798 Of.
966 2734 1079 2798 Ioann.
1113 2733 1270 2798 Antioch.
1308 2736 1342 2796 in

222 2841 334 2905 Muell.
364 2841 396 2903 h.
425 2839 482 2904 Gr.
512 2837 561 2901 IV
588 2860 619 2922 p.
648 2838 720 2899 542.
765 2835 910 2920 Insignis
936 2835 1033 2898 etiam
1059 2835 1102 2898 ad
1123 2836 1342 2920 comproban-

223 2942 309 3022 dum,
327 2943 459 3028 egregie
477 2940 599 3003 favisse
614 2938 794 3024 Didymum
810 2936 994 3001 fabularum
1010 2937 1224 3024 explicationi
1241 2957 1341 3022 quam

224 3043 337 3106 dicunt
374 3041 596 3128 pragmaticae
634 3040 713 3102 satis
732 3037 795 3102 silli
833 3038 962 3102 ieiunae
1003 3040 1101 3102 etiam
1139 3037 1197 3100 ille
1235 3038 1340 3103 schol.

222 3140 336 3225 Eurip.
371 3138 485 3204 Cobet.
518 3142 607 3206 locus
640 3147 704 3221 est,
736 3141 770 3202 in
804 3161 867 3224 quo
897 3138 1027 3203 Paridis
1060 3140 1218 3204 iudicium
1249 3140 1340 3202 unde

222 3241 334 3304 fictum
358 3243 400 3304 sit
422 3243 596 3327 exponitur
622 3240 789 3303 Anticlide
813 3250 845 3304 et
865 3239 1049 3327 Chrysippo
1071 3241 1275 3322 auctoribus,
1311 3243 1340 3304 si

223 3339 353 3427 quidem
373 3351 461 3404 recte
484 3343 687 3426 suspicamur
709 3340 810 3405 schol.
831 3342 873 3406 ad
890 3342 969 3405 Eur.
985 3341 1143 3406 Androm.
1157 3343 1219 3404 276
1233 3364 1267 3426 p.
1285 3345 1338 3406 36.

177 3507 179 3512 ,
223 3446 263 3506 37
285 3441 443 3506 Witasch.
468 3464 541 3506 esse
563 3441 764 3528 Didymeum
797 3443 942 3514 ἔνιοιδὲ
975 3443 1032 3530 (of.
1051 3443 1159 3506 Varro
1186 3465 1239 3529 ap.
1269 3447 1338 3508 Au-

172 3619 174 3623 ·
222 3545 343 3628 gustin.
368 3546 406 3608 Ο.
426 3544 470 3608 D.
486 3543 606 3607 XVIII
624 3543 677 3630 10)
696 3545 901 3622 διεφεῦσδαί
919 3561 1002 3628 φασι
1026 3544 1102 3632 (hoc
1123 3543 1227 3608 verbo
1246 3555 1337 3608 certe

221 3647 323 3710 utitur
335 3646 499 3732 Didymus
521 3646 564 3710 ad
576 3646 683 3710 Orest.
698 3646 774 3731 876)
795 3641 857 3728 τὴν
876 3649 986 3729 κρίσιν
1005 3650 1073 3710 τοῖν
1095 3649 1201 3727 θεῶν,
1224 3642 1336 3710 καθά-

222 3769 285 3828 περ
316 3744 438 3831 γραὶφει
464 3742 687 3829 Ἀντικλείδης
720 3747 777 3832 (of.
806 3747 921 3812 Meier.
949 3769 1064 3812 comm.
1093 3745 1220 3810 Andoc.
1244 3746 1294 3809 VI
1319 3749 1337 3810 3

221 3872 253 3935 p.
273 3867 323 3912 V11
351 3871 384 3912 n.
410 3848 496 3932 131).
541 3851 615 3932 τρία
644 3846 707 3931 γάρ
735 3847 803 3912 ε’στι
832 3853 900 3912 τῶν
930 3847 1116 3930 ἐπιχωρίων
1140 3840 1267 3929 γύναια
1297 3844 1338 3912 τί

222 3952 269 4025 είς
294 3948 355 4032 τὴν
385 3952 442 4032 τῆς
471 3947 654 4035 εὐμορφίας
685 3955 800 4033 κρίσιν,
824 3945 1047 4014 καταστάντας
1073 3988 1116 3997 -
1137 3947 1211 4035 V.¹)
1238 3946 1337 4031 Χρύ-

293 4190 317 4256 l)
347 4153 488 4256 Sophoclis
510 4191 692 4256 fragmentum
716 4207 730 4240 e
751 4190 844 4241 fabula
868 4182 1007 4254 Ποιμένες
1029 4189 1163 4253 inscripta
1186 4189 1216 4238 in
1239 4189 1337 4239 eadem

220 4274 316 4324 scholii
333 4282 412 4340 parte
434 4283 590 4341 excerptum
613 4277 685 4327 hunc
706 4278 735 4326 in
753 4278 860 4327 modum
881 4277 988 4342 corrigo
1001 4266 1080 4340 Ἴδης
1101 4270 1138 4340 δή
1163 4289 1232 4324 ποτε
1249 4277 1336 4341 μηλο-
