2858 4882
746 519 804 578 11¹.

311 651 406 716 Phot.
431 653 502 731 194,
526 657 539 711 1
563 648 813 725 Κυψελιδῶν
832 639 1031 730 ἀνάθημα
1055 646 1098 712 ἐν
1116 641 1335 736 Ὀλυμπίᾳ·

227 753 350 842 (Suid.)
378 752 415 816 ίν
435 752 572 837 Φαίδρῳ
602 748 702 837 (Plat.
726 748 866 813 Phaedr.
895 771 928 834 p.
952 751 1013 814 236
1025 749 1069 832 Β)
1089 787 1133 800 -
1153 743 1205 827 οἱς
1221 745 1337 833 Ἀγά-

225 865 379 931 κλυτος
400 853 437 918 ἐν
459 856 505 940 τῷ
527 849 603 935 περὶ
622 846 803 934 Ὀλυμπίας
825 849 930 934 φησὶν
956 846 1128 929 οὕτως-
1150 853 1338 934 Δίδυμος

226 956 263 1022 δὲ
290 955 537 1022 κατασκευάσαι
564 950 626 1019 τόν
659 950 826 1018 κολοσσόν
855 970 961 1037 φησιν
987 955 1213 1039 Περίανδρον,
1253 949 1337 1036 ὑπὲρ

226 1062 289 1125 τοῦ
306 1063 364 1142 τῆς
385 1061 517 1141 τρυφῆς
539 1056 594 1122 καὶ
613 1058 677 1122 τοῦ
693 1053 846 1140 θράσους
865 1054 1012 1138 ἐπισχεῖν
1022 1049 1103 1132 τούς
1113 1059 1337 1138 Κορινθίους·

227 1158 282 1224 καί
304 1157 369 1244 γάρ
391 1155 666 1241 Θεόφραστος
689 1156 727 1220 ἐν
748 1159 794 1243 τῷ
816 1154 891 1239 περὶ
912 1159 1041 1238 καιρῶν
1061 1159 1083 1240 β
1102 1155 1191 1238 λέγει
1215 1151 1338 1232 οὕτως·

227 1260 335 1344 ἕτεροι
357 1260 394 1325 δὲ
417 1263 463 1338 είς
480 1254 734 1342 άνδρωδέστερα
752 1258 1060 1340 καταδαπανῶνιες,
1082 1248 1157 1322 οἷον
1168 1260 1340 1339 στρατείας

227 1360 402 1447 ἐξάγοντες
424 1360 480 1426 καὶ
502 1360 670 1445 πολέμους
692 1357 986 1444 ἐπαυαιρούμενοι,
1010 1355 1164 1442 καθάπερ
1187 1359 1243 1424 καὶ
1256 1367 1339 1424 Διο-

227 1462 344 1542 νύσιος
366 1460 384 1530 ὁ
407 1462 591 1549 τύραννος·
615 1463 743 1540 ἐκεῖνος
760 1458 824 1547 γάρ
841 1455 883 1527 οὐ
899 1458 1006 1546 μόνον
1025 1455 1108 1549 ᾤετο
1126 1462 1199 1526 δεῖν
1215 1457 1255 1526 τά
1271 1466 1338 1526 τάν

226 1562 339 1634 ἄλλων
357 1568 623 1649 καταναλίσκειν,
646 1560 731 1631 ἀλλὰ
746 1562 801 1628 καὶ
820 1559 860 1632 τά
876 1559 994 1647 αὐτοῦ,
1013 1558 1098 1646 πρδς
1111 1559 1149 1628 τὸ
1165 1559 1212 1647 μὴ
1227 1559 1339 1647 ὑπάρ-

227 1691 298 1753 χειν
321 1665 443 1752 ἐφόδια
470 1678 539 1744 τοῖς
560 1665 855 1752 ἐπιβουλεύουσιν.
888 1665 1013 1730 ἐοίκασι
1036 1665 1073 1730 δὲ
1095 1665 1150 1730 καὶ
1173 1667 1210 1730 αί
1230 1689 1341 1748 πυρα-

226 1771 319 1852 μίδες
353 1767 391 1832 ἐν
409 1775 411 1778 ’
426 1765 588 1856 Αίγύπτςο
621 1766 677 1834 καὶ
710 1761 728 1832 ὁ
758 1774 826 1832 τῶν
852 1768 1056 1845 Κυψελιδῶν
1082 1763 1246 1845 κολοσσὸς
1288 1769 1341 1832 καί

227 1867 336 1934 πάντα
366 1863 407 1933 τά
434 1872 573 1934 τοιαῦτα
601 1865 663 1953 τὴν
692 1866 800 1952 αὐτὴν
821 1869 877 1933 καὶ
899 1872 1132 1953 παραπλησίαν
1153 1871 1242 1953 ἔχειν
1265 1869 1339 1934 διά-

225 1994 334 2036 νοιαν.
374 1970 510 2054 φέρεται
537 1970 577 2036 δί
602 1996 634 2036 τι
657 1973 713 2037 καὶ
735 1972 923 2056 ἐπίγραμμα
949 1975 1011 2036 τοῦ
1031 1975 1218 2036 κολοσσοῦ·
1254 1971 1337 2056 εεἰμὶ

225 2069 291 2157 ἐμά
313 2075 461 2156 χρυσοῦς
480 2069 696 2156 σφυρήλαιός
716 2077 781 2157 είμι
804 2071 982 2156 κολοσσός,
1012 2070 1134 2155 ἐξώλης
1154 2079 1205 2156 εἴη
1219 2077 1338 2151 Κυψε-

226 2175 331 2240 λιδῶν
353 2172 482 2257 γενεά.’
506 2168 590 2259 ὅπερ
604 2169 762 2252 Ἀπελλάς
784 2169 802 2240 ὁ
821 2175 988 2252 Ποντικὸς
1008 2169 1098 2240 οὕτω
1114 2177 1337 2258 προφέρεται·

226 2273 305 2360 εείμὶ
328 2272 392 2359 ἐγώ
415 2278 514 2354 ναξος
537 2274 746 2361 πανχράσεός
769 2280 835 2361 είμι
855 2274 1027 2361 κολοσσός,
1051 2275 1173 2360 ἐξώλης
1195 2283 1247 2360 είη
1266 2283 1338 2344 Κυ-

225 2376 373 2452 ψελιδῶν
396 2375 520 2459 γενεά]
563 2377 645 2463 Leg.
663 2371 771 2454 ’Ἀξιος
800 2376 864 2460 είμὶ
888 2374 985 2460 ἐμάν.

309 2476 455 2542 Boeckh.
471 2478 557 2566 expl.
580 2479 676 2544 Pind.
696 2503 728 2566 p.
744 2482 804 2541 214
819 2479 859 2543 de
878 2488 986 2544 statua
1000 2500 1108 2560 aurea,
1133 2477 1271 2565 Cypseli
1285 2481 1336 2544 do·

225 2580 333 2661 nario,
365 2581 509 2645 conferri
535 2580 626 2646 iubet
650 2581 787 2645 Aristot.
816 2580 915 2646 Polit.
944 2580 976 2644 V
995 2584 1029 2664 9,
1057 2585 1076 2643 4
1110 2579 1160 2644 ed.
1184 2579 1337 2646 Schneid.

225 2678 334 2744 Strab.
348 2680 433 2744 VIII
445 2705 477 2767 p.
493 2684 554 2746 580
570 2690 652 2746 extr.
662 2682 752 2746 Alm.
765 2682 862 2746 Paus.
879 2683 909 2747 V
922 2685 950 2764 2,
966 2687 995 2746 4.
1018 2721 1061 2758 5-
1076 2682 1179 2746 ·Adde
1199 2685 1337 2747 analect.

224 2781 371 2845 Brunck.
399 2782 453 2845 ΙΠ
478 2807 510 2869 p.
539 2785 596 2847 189
625 2799 734 2847 cxcssl
762 2782 877 2848 Stallb.
907 2785 949 2848 ad
978 2782 1060 2847 Plat.
1081 2783 1223 2848 Phaedr.
1247 2807 1275 2847 c.
1302 2787 1337 2847 12

136 2953 138 2958 ¹
223 2905 255 2967 p.
278 2886 329 2946 49.
351 2887 388 2945 41
421 2883 571 2948 Mueller.
600 2884 641 2948 fr.
665 2884 778 2948 histor.
804 2885 861 2949 Gr.
889 2885 939 2949 IV
966 2909 997 2972 p.
1022 2886 1094 2948 288.
1107 2881 1156 2934 ⁴-
1178 2869 1338 2949 Aristote-

223 2983 288 3048 lem
312 2986 501 3072 compilavit
523 2985 779 3074 Theophrastum

751 3174 799 3237 12.

310 3301 403 3366 Serv.
425 3302 467 3367 ad
489 3305 587 3388 Verg.
612 3308 697 3370 Aen.
716 3307 766 3372 IV
780 3309 837 3372 261
864 3304 930 3370 vol.
954 3307 972 3369 I
994 3331 1026 3393 p.
1041 3308 1102 3368 275
1124 3305 1239 3371 Lion.:
1260 3307 1337 3371 ‘Di-

224 3403 269 3466 cit
289 3403 534 3484 etiamPlinius
555 3407 590 3469 in
607 3407 749 3472 naturali
763 3409 899 3473 historia
922 3407 1110 3493 (XXXVII
1123 3411 1151 3489 9,
1165 3408 1222 3493 37)
1238 3407 1339 3474 multa

225 3524 297 3566 csse
318 3504 481 3590 iaspidum
499 3529 630 3592 genera,
654 3509 822 3596 inquibus
843 3513 940 3574 etiam
954 3509 1082 3574 fulvum
1096 3519 1338 3574 commemorat.

227 3602 314 3688 (Hoc
337 3614 369 3668 et
383 3605 546 3694 Didymus
569 3618 601 3672 et
619 3609 784 3674 Nicander
808 3611 1019 3695 affirmant.)'
1142 3603 1146 3611 ’

311 3705 494 3794 ‘Didymus
527 3719 559 3773 ot
587 3709 772 3777 Nicander'
805 3712 837 3776 h.
867 3735 895 3776 e.
932 3714 1086 3795 Δίδυμος
1118 3716 1338 3794 παρατίθεται

224 3807 431 3891 Νίκανδρον,
457 3807 614 3893 ἐπάγεται
635 3810 821 3894 μαρτύριον
844 3809 1053 3897 Νικάνδρου,
1076 3822 1113 3878 ut
1136 3821 1178 3876 et.
1201 3835 1245 3876 m.
1269 3815 1339 3894 148,

223 3909 242 3972 8
262 3906 365 3994 Harp.
387 3911 438 3990 99,
466 3913 502 3974 13
524 3910 669 3977 Macrob.
693 3914 724 3978 V
747 3916 798 3978 22.

752 4100 801 4162 13.

307 4229 458 4293 Clemens
485 4230 583 4295 Alex.
612 4253 644 4317 p.
676 4235 738 4296 569
766 4233 809 4296 A.
837 4235 949 4315 σοφοῦ
973 4227 1037 4317 γάρ
1066 4229 1104 4297 τὸ
1126 4235 1275 4317 χρῆσθαι
1299 4236 1340 4318 τῇ
