2894 4890
1160 371 1222 432 255

637 537 688 598 39.

202 655 292 717 1121.
338 645 421 718 ἀλλ’
456 646 603 718 οὑτοσί
632 653 786 732 τρέχει·
820 645 1047 734 Σύμμαχος
1068 689 1118 715 -.
1142 647 1160 716 ὁ
1186 653 1223 718 δὲ

113 757 303 838 Δίδυμος
324 749 414 838 παρά
438 751 476 819 τὸ
495 752 690 837 Πινδάρου·
714 748 893 836 ἄμπνευμα
914 750 1040 836 σεμνὸν
1056 747 1222 837 Ἀλφειοῦ.

113 861 213 943 διχώς
231 859 269 922 δέ
282 881 394 934 τινες·
417 853 561 941 άλφειον
584 855 707 922 πνέων.
727 854 821 920 Nem.
841 855 858 918 I
883 859 910 918 1.
983 853 996 868 “

643 1031 695 1091 40.
714 1031 715 1034 ’

201 1147 293 1209 1274.
316 1133 343 1209 ώ
362 1135 691 1210 κατακέλευσον·
715 1144 830 1228 οἱονεί,
853 1140 984 1227 σιωπήν
1008 1141 1164 1229 κήρυξον.
1193 1149 1228 1212 οἱ

113 1243 179 1330 γάρ
213 1246 386 1312 κελευσταὶ
425 1241 585 1323 πολλάκις
621 1241 752 1329 σιωπὴν
784 1247 1020 1330 καταγγέλλειν
1051 1245 1223 1334 είώθασιν,

113 1344 225 1413 σιώπα
246 1348 401 1431 λέγοντες
422 1346 478 1412 καλ
501 1342 605 1413 ἄκουε
627 1342 743 1412 καὶτὰ
765 1341 874 1432 ὅμοια.

629 1522 691 1581 41.

202 1637 293 1699 1284.
318 1630 515 1699 σκυτάλι’
538 1635 742 1720 ἐφόρουν·
760 1674 803 1686 —
825 1633 915 1700 οὕτω
937 1634 1129 1721 Σύμμαχος.
1154 1631 1226 1704 ὅδὲ

113 1738 302 1819 Δίδυμος
320 1736 483 1802 σκυτάλια
497 1733 555 1814 τάς
575 1741 766 1824 βακτηρίας,
787 1728 839 1815 αἷς
855 1731 894 1803 τά
914 1734 1064 1804 σκύταλα
1078 1737 1228 1805 τύπτου-

114 1857 187 1922 σιν,
217 1833 325 1903 ὅέστι
352 1833 431 1916 τούς
454 1837 648 1923 τραχήλους.
694 1833 848 1924 ήπαίσει
873 1842 1057 1928 (legebatur
1087 1841 1242 1929 παύσει),

113 1937 248 2028 βάκτρῳ
268 1945 392 2030 καλίνῳ
415 1941 564 2007 σκύταλα
586 1937 680 2028 Φρύξ
703 1936 798 2026 άυήρ.

645 2115 697 2176 42.

201 2233 292 2294 1295.
335 2225 564 2318 Ὀπουντίῳ
596 2225 630 2294 δ’
662 2226 897 2314 ὀφθαλμόν·
941 2230 1150 2313 Δίδυμος,
1181 2224 1227 2306 ώς

113 2329 271 2396 τοιούτου
296 2326 358 2415 τήν
380 2326 461 2408 ὅφιν
488 2325 586 2409 ὄντος
607 2330 810 2417 μνημονεύει
833 2326 940 2395 αὐτοῦ
961 2331 1016 2394 καλ
1039 2329 1122 2414 μέγα
1140 2328 1225 2416 ῥύγ-

112 2456 169 2516 χος
190 2435 340 2517 ἔχοντος,
370 2435 425 2498 καλ
447 2428 464 2497 ὁ
493 2428 550 2511 τάς
569 2429 767 2511 Ἀταλάντας
788 2430 918 2520 γράψας
940 2430 995 2497 καὶ
1017 2428 1166 2508 Εὔπολις
1187 2430 1225 2495 ἐν

117 2533 323 2620 Ταξιάρχαις.
369 2532 609 2620 Σύμμαχος·
632 2534 698 2602 κτέ.

558 2729 560 2736 ·
639 2692 691 2753 43.

172 2768 173 2772 ¹
200 2807 291 2870 1296.
333 2801 599 2890 χηναλώπηξ·
623 2844 665 2855 -
690 2799 708 2868 ὁ
730 2801 767 2868 δὲ
786 2805 973 2886 Δίδυμος
997 2801 1146 2885 Θεαγένη
1167 2800 1222 2865 καὶ

113 2906 279 2971 Φιλοκλέα
300 2905 404 2989 φησὶν
423 2903 625 2990 ὀρνιδώδεις
645 2901 739 2970 εἶναι.

638 3063 691 3123 44.

198 3179 289 3241 1298.
334 3177 511 3254 Μειδίας
540 3173 573 3242 δ’
597 3171 860 3262 έκείὍρτυξ·
893 3169 912 3240 ὁ
943 3170 1004 3258 μὲν
1032 3175 1221 3257 Δίδυμος
1275 3261 1277 3267 Ι

112 3273 221 3354 οὕτως
321 3269 339 3340 ὁ
363 3274 399 3340 δέ
420 3271 604 3361 Ἀμμώνιος
632 3271 728 3365 ῳήδη
755 3277 787 3355 ἐξ
810 3278 970 3343 ἐπιθέτου
985 3278 1139 3364 ,Μειδίαν
1160 3270 1221 3359 ὅρ-

111 3402 197 3461 τυγα
219 3384 406 3444 καλεῖσθαι.
428 3383 576 3461 γελοίως.
595 3377 651 3444 διὰ
672 3376 709 3446 τὰ
731 3375 902 3465 κυβευτήν
924 3375 1009 3444 εἶναι
1027 3378 1081 3444 καὶ
1099 3379 1136 3443 έν
1154 3400 1221 3443 πν-

112 3482 160 3567 ρῳ
179 3473 259 3554 τούς
282 3473 428 3563 ὄρτυγας
454 3478 591 3544 κύπτειν
622 3475 730 3559 οὕτως
761 3477 865 3546 αύτόν
891 3485 958 3546 νύν
978 3476 1220 3562 Ἀριστοφάνης

111 3589 282 3662 προσεῖπε.
330 3582 429 3664 δηλοῖ
451 3577 488 3645 δὲ
516 3584 617 3646 τοῦτο
636 3578 878 3667 Ἀριστοφάνης
900 3584 921 3662 †
943 3580 998 3646 καὶ
1019 3573 1163 3645 Πλάτων
1182 3580 1219 3642 ἐν

110 3685 307 3763 Περιαλγεῖ·
348 3678 511 3766 (χρηστόν
537 3705 574 3766 γε
600 3679 646 3766 μή
670 3680 753 3749 κατά
783 3685 931 3748 Μειδίαν
955 3677 1216 3767 ὀρτυγοκόπον’.

110 3778 324 3864 διαβάλλεται
347 3778 384 3846 δέ
406 3788 454 3858 είς
474 3781 513 3846 τε
531 3789 713 3869 πονηρίαν,
737 3779 782 3862 ὡς
803 3785 1000 3867 Μεταγένης
1020 3783 1057 3847 έν
1073 3776 1218 3866 Ὁμήρῳ,

109 3880 166 3946 καὶ
188 3887 414 3984 συκοφαντία·
438 3880 582 3968 κόβαλός
604 3908 639 3949 τε
663 3879 747 3950 εἶναι
766 3883 896 3968 ἐλέγετο
915 3884 969 3949 καὶ
986 3877 1218 3966 πτωχαλαζών,
1340 3929 1341 3932 ,

110 3977 156 4060 ώς
177 3980 348 4068 Φρύνιχος
368 3983 405 4048 ἐν
423 3978 586 4071 Ἐπιάλτη.
615 3985 703 4068 λέγει
726 3987 763 4050 δέ
785 3988 821 4050 ἐν
843 3989 1046 4071 Ποαστρίαις
1064 3978 1082 4048 ὁ
1106 3976 1218 4066 αύτός,
1288 3993 1295 4005 “

110 4079 156 4161 ὡς
175 4083 230 4149 καλ
253 4084 328 4167 περὶ
342 4078 526 4169 ’άλέκτορας
548 4083 655 4151 αὐτοῦ
674 4084 937 4163 ἐσπουδακότος·
955 4121 1003 4136 ’ἡ
1023 4080 1041 4148 ὁ
1060 4084 1098 4149 δὲ
1120 4079 1219 4165 Σύμ-
1244 4111 1252 4128 ·

109 4209 213 4268 μαχος
241 4183 309 4250 κτέ.
355 4186 581 4252 Correetiones
603 4187 721 4250 admisi
743 4187 942 4250 certissimas
964 4184 1004 4248 Ο.
1028 4182 1218 4248 Schneideri

108 4308 142 4370 p.
166 4290 217 4351 76.
241 4293 293 4352 77.
337 4287 475 4374 Didymi
495 4288 598 4354 verba
618 4287 775 4364 nonnulla
797 4285 999 4352 exciderunt.
