2820 4852
555 317 782 380 rainelmo.
1183 341 1223 388 ιχ

99 476 280 563 Didymum
302 475 383 540 mihi
406 476 569 540 edendum
591 479 764 564 elegerim,
788 484 1000 568 respondebit
1022 490 1219 556 sciscitanti·

94 593 158 693 ,hus
188 593 385 658 Fredericus
415 592 614 658 Ritschelius
642 596 678 657 in
705 598 877 666 corollario
906 603 950 666 ad
971 604 1074 690 ipsius
1096 606 1218 674 libnun

101 715 140 780 de
166 711 378 777 bibliothecis
406 710 643 776 Alexandrinis
675 713 782 802 deque
810 717 976 782 Pisistrati
1005 724 1121 787 studiis
1149 725 1218 790 Ho-

100 831 230 896 mericis
257 829 394 894 Bonnae
425 831 506 892 1840
536 828 623 894 edito
643 829 675 917 p.
701 834 758 896 25:
788 833 883 898 ‘Non
912 846 1021 922 potest
1043 838 1219 906 obscurum
1327 857 1335 870 ’

102 971 173 1015 esse
198 950 340 1012 immane
371 956 528 1033 quantum
555 948 590 1010 in
616 947 679 1014 hac
701 960 794 1037 parte
815 956 1067 1036 grammaticae’
1092 954 1215 1042 (litera-

102 1081 174 1132 rum
197 1066 277 1130 dicit
294 1064 496 1147 historiam),
519 1072 623 1152 ‘quae
645 1066 688 1131 ad
707 1067 925 1133 describenda
946 1069 1150 1157 disponenda
1171 1076 1219 1140 iu·

103 1185 242 1251 dicanda
259 1184 429 1249 literarum
447 1193 657 1250 monumenta
679 1194 813 1270 spectat,
836 1196 965 1252 veteres
987 1187 1061 1253 illos
1076 1188 1220 1256 Alexan·

103 1303 214 1368 drinos
235 1304 455 1388 praestitisse,
482 1303 540 1368 sed
559 1301 661 1366 multo
682 1304 780 1366 etiam
808 1306 990 1370 tenuiorem
1008 1305 1126 1371 horem
1149 1317 1214 1373 stu·

103 1421 231 1484 diorum
258 1422 449 1486 memoriam
476 1443 535 1507 per
564 1420 714 1484 insecuta
743 1419 874 1485 saecula
894 1421 1220 1511 Byzantinorumque

102 1535 289 1605 barbariem
308 1537 351 1602 ad
372 1538 596 1625 posteritatem
624 1559 696 1601 esse
717 1547 947 1624 propagatam,
977 1562 1074 1627 quam
1094 1563 1218 1625 eorum,

102 1655 220 1742 quibus
238 1656 311 1741 ipsa
330 1654 427 1738 τέχνη
447 1651 657 1739 γραμματική
673 1655 912 1743 perficiebatur.
947 1656 1013 1737 Qui
1034 1657 1126 1723 locus
1148 1681 1219 1747 spe-

101 1795 212 1838 ramus
242 1771 314 1837 fore
342 1781 378 1836 ut
404 1773 515 1837 dedita
542 1794 642 1859 opera
669 1759 803 1860 (dignus
827 1784 876 1838 est
896 1776 997 1857 enim)
1028 1774 1089 1839 hac
1108 1784 1218 1841 'aetate

101 1897 350 1976 pert1·actetur.'
395 1889 518 1954 Verum
539 1891 626 1954 enim
647 1911 726 1954 uero
747 1911 789 1954 ne
808 1892 893 1956 hanc
915 1893 1047 1980 quidem
1069 1892 1219 1978 quamvis

102 2015 234 2070 tenuem
263 2007 443 2072 studiorum
468 2010 672 2090 memoriam,
701 2007 825 2094 absque
845 2009 991 2096 Didymo
1014 2010 1146 2091 fuisset,
1175 2011 1219 2078 ad

103 2145 162 2188 nos
203 2126 380 2208 propagari
399 2155 411 2166 κ’
418 2125 583 2211 potuisse,
633 2125 817 2210 quicunque
861 2126 927 2187 viri
971 2101 1238 2191 laboriosissimi'

103 2243 221 2306 merita
248 2262 353 2327 aequa
380 2240 474 2305 lance
495 2241 718 2327 perpenderit,
745 2239 893 2326 profecto
915 2262 981 2304 non
1003 2240 1064 2306 ibit
1085 2241 1219 2308 infitias.

103 2359 243 2446 Didymi
283 2357 370 2421 enim
406 2380 461 2422 ore
495 2359 672 2444 loquuntur
704 2367 861 2444 quotquot
899 2357 1081 2424 evolvimus
1113 2359 1222 2426 lexica

104 2477 330 2563 glossarumve
355 2477 543 2561 congeries,
574 2485 731 2562 quotquot
758 2497 858 2540 manu
873 2479 1053 2546 ,versamus
1083 2478 1221 2544 scholio·

105 2617 177 2659 rum
204 2595 455 2684 lectissimorum
485 2593 709 2676 collectiones,
739 2589 878 2680 Didymi
905 2605 968 2677 est,
998 2596 1085 2682 quod
1112 2595 1221 2660 Philo-

106 2714 197 2778 chori
220 2713 347 2777 Timaei
358 2712 545 2776 Polemonis
560 2712 716 2776 Mnaseae
740 2711 943 2796 aliorumque
961 2712 1050 2775 haud
1071 2711 1221 2793 indigno·

105 2853 179 2895 rum
200 2830 342 2895 lectione
370 2832 565 2917 scriptorum
591 2848 691 2916 opera
713 2826 949 2912 quadamtenus
972 2837 1109 2913 possunt
1129 2831 1223 2905 resti·

107 2950 169 3031 tui,
187 2947 368 3035 Didymum
383 2949 487 3012 tacite,
502 2943 682 3031 expilatum
701 2965 773 3006 esse
789 2943 831 3008 ab
847 2944 1036 3009 Herodiano
1050 2946 1222 3013 Athenaeo

108 3066 282 3131 Plutarcho
307 3066 415 3130 Plinio
443 3065 596 3130 vidimus.
648 3061 665 3124 Ι
692 3080 780 3125 nunc
807 3070 839 3126 et
868 3063 965 3129 laude
995 3086 1055 3128 sua
1085 3065 1222 3149 dignum

109 3205 180 3248 esse
202 3184 311 3250 virum
326 3183 429 3268 nega!

193 3300 349 3388 Superest
374 3309 411 3366 ut
433 3321 538 3388 pauca
561 3298 739 3385 quaedam,
763 3320 847 3383 quae
869 3299 904 3361 in
924 3297 1135 3362 emendandis
1154 3298 1245 3384 pla,

109 3421 194 3504 gulis
217 3419 425 3504 diligentiam
451 3427 483 3483 et
503 3418 608 3481 aciem
628 3415 793 3482 oculorum
816 3415 986 3500 fugerunt,
1007 3418 1223 3500 corrigantur,

111 3561 138 3603 e.
154 3561 182 3602 o.
205 3562 238 3624 p.
257 3542 327 3619 110,
351 3539 391 3601 32
411 3537 612 3623 scripseram-
624 3535 807 3599 conicias
826 3553 885 3618 pro
900 3554 949 3616 eo,
969 3533 1056 3619 quod
1071 3553 1158 3596 nunc
1178 3531 1223 3595 le-

110 3656 198 3739 gitur
227 3655 330 3735 cias,
363 3677 395 3740 p.
419 3654 479 3716 184
506 3675 565 3740 pro
586 3648 711 3734 Κύπρα
740 3649 942 3715 exarandum
971 3657 1041 3714 erat
1061 3645 1224 3733 Κυπάρα,

110 3794 142 3858 p.
165 3775 227 3836 289
256 3772 278 3834 l.
300 3772 359 3835 ult.
385 3764 559 3854 Ἀλκμᾶνι,
587 3795 619 3857 p.
645 3773 706 3832 319
737 3791 763 3832 s.
788 3767 813 3832 f.
835 3767 941 3831 haud
961 3789 1021 3854 pro
1043 3767 1150 3831 hand
1171 3789 1226 3832 ex·

111 3890 209 3974 primi
241 3887 392 3953 debebat.
437 3887 591 3974 Denique
623 3889 691 3950 suis
722 3885 802 3950 locis
836 3883 917 3948 haec
946 3886 1072 3949 inseras
1102 3883 1227 3948 addita-

113 4016 236 4071 menta:
263 4030 295 4093 p.
326 4011 361 4089 7,
386 4010 404 4071 3
434 3982 699 4090 Agatharchides
729 4001 868 4066 Oinnaei
897 3999 1052 4088 (Κινέου)
1080 3993 1229 4081 &pratos

114 4121 206 4188 Phot.
233 4122 315 4188 bibl.
347 4125 426 4206 213,
453 4122 616 4188 Persaeus
648 4119 792 4183 Zenonis
821 4116 971 4180 alumnus
1000 4097 1107 4178 Suida'
1133 4122 1227 4197 teste,

117 4237 395 4326 ‘Ganymedes
424 4239 652 4304 nutricius'
684 4235 784 4299 schol.
811 4231 946 4295 Vratisl.
974 4231 1098 4294 Lucan.
1129 4232 1230 4295 Phar-
