2894 4890
208 363 269 424 198
665 361 860 419 -θ-

293 529 365 590 347.
388 519 592 610 πόρσυνε·
616 545 669 606 χρ.
692 517 895 607 τιόρσανε,
917 517 954 586 έν
974 515 1323 605 τολςἈριστμ-(οἰίὶ-

207 652 279 696 mae
301 629 414 692 literae
436 625 627 711 abscissae).
652 624 724 689 Pal.

749 798 785 854 e.

294 935 346 994 55.
368 930 508 1015 νοτίφ·
529 922 773 1011 Ἀριστοφάνης
795 925 929 1011 νοδίφ.
952 923 1045 987 Harl.
1084 922 1136 988 Of.
1162 925 1182 987 δ
1204 925 1278 986 785.

295 1037 346 1096 67.
383 1028 591 1112 κρέμασεν
624 1022 854 1110 φόρμιγγα·
900 1022 1008 1102 οὕτως
1041 1030 1078 1092 αι’
1105 1021 1324 1110 Ἀριστάρχου

83 1203 86 1210 ,
211 1132 269 1218 (cf.
290 1129 384 1194 Harl.
410 1131 453 1194 ad
478 1130 564 1212 105).
605 1122 848 1209 Ἀριστοφάνης
877 1126 960 1212 (dit
992 1126 1125 1214 δῆσε(ν)
1150 1123 1325 1210 φόρμιγγα

212 1231 301 1318 (cod.
323 1229 383 1312 ys).
405 1231 498 1295 Harl.
533 1229 661 1296 Nauck.
685 1252 717 1314 p.
738 1231 778 1292 50
800 1228 922 1292 laudat.

297 1350 348 1412 81.
372 1350 422 1412 82.
464 1347 500 1413 έν
534 1350 638 1426 ἐνίαις
664 1351 732 1413 τῶν
758 1344 926 1411 έκδόσεων
958 1340 1022 1411 οὐκ
1051 1346 1224 1430 ἐφέροντο.
1270 1340 1324 1410 διὸ

213 1446 428 1517 άθετοῦνται.
450 1447 494 1511 Η.

299 1551 350 1614 92.
387 1541 670 1634 όἈριστοφάνης
699 1545 782 1628 αἶψ’
804 1544 1001 1626 Ὀδυσεύς
1026 1547 1159 1634 γράφει.
1195 1552 1238 1616 Η.
1270 1549 1324 1615 Of.
1441 1522 1444 1528 Ι

215 1679 227 1718 ι
248 1652 310 1715 485
329 1673 349 1714 κ
365 1652 437 1713 395.

299 1772 350 1833 98.
373 1759 508 1849 ’θυμόν
527 1765 739 1849 κεκορήμεθα
756 1768 881 1856 δαιτός,
901 1773 936 1836 οί
948 1747 1053 1838 άλλοι.
1074 1772 1140 1837 Sed
1156 1772 1326 1857 vulgatam

216 1873 335 1936 retinet
355 1866 599 1933 Aristarchus’
621 1867 715 1932 Pors.
1078 1912 1081 1916 .

305 1974 375 2035 105.
400 1967 453 2033 Of.
476 1971 528 2032 67.

306 2074 376 2136 142.
409 2063 488 2133 οὔτε
506 2062 718 2154 Ἀρίσταρχος
746 2065 825 2137 οὔτε
848 2069 1089 2162 Ἀριστοφάνης
1113 2072 1192 2142 οότε
1215 2075 1327 2160 Ζηνό-

218 2177 315 2252 δοτος
336 2173 527 2238 ἐπίστανται
549 2171 672 2233 τοῦτον
694 2165 754 2235 τόν
775 2175 897 2255 στίχον.
920 2175 1013 2240 Harl.

305 2296 376 2357 163.
402 2290 620 2378 Ambiguum,
643 2298 751 2354 utrum
771 2290 917 2377 Didymo
939 2314 981 2355 an
1002 2289 1186 2362 Aristonico
1209 2298 1327 2362 debea-

217 2408 287 2463 tur:
318 2393 521 2482 probabilius
545 2400 655 2456 tamen
682 2391 759 2456 huic
781 2393 995 2480 adscripseris
1016 2405 1147 2480 prepter
1169 2422 1241 2464 voc.
1266 2418 1328 2484 ση-

218 2502 387 2583 μειοῦται,
415 2493 501 2580 quod
524 2492 652 2557 Nauck.
674 2518 706 2582 p.
732 2498 789 2576 50,
812 2497 851 2558 65
874 2495 909 2557 in
931 2485 951 2558 δ
970 2497 1149 2576 σημείοισαι
1171 2502 1341 2566 mutabat..

304 2619 377 2679 251.
415 2608 605 2695 Ζηνόδοτος
633 2613 838 2676 παίσατον
862 2607 971 2696 εἶπεν,
1005 2606 1046 2676 οὐ
1070 2616 1190 2690 κακῶς.
1225 2618 1265 2698 Q.
1284 2620 1328 2684 H.

219 2720 288 2784 Aut
309 2710 351 2782 οό
374 2714 560 2798 delendum,
580 2722 636 2778 aut
657 2715 767 2790 καλοῖς
788 2714 1008 2779 scribendum.
1038 2713 1160 2779 Similis
1182 2717 1330 2784 confusio

219 2820 261 2886 ad
283 2830 308 2898 ψ
328 2822 389 2883 310
411 2824 551 2882 notatur.

306 2938 378 3000 299.
411 2934 612 3000 πέλοντο·
647 2930 774 3013 Ῥιανὸς
809 2935 978 3000 πέλοιτο
1016 2935 1101 3021 (cod.
1130 2934 1241 3021 πέλοι,
1269 2959 1330 3001 em.

220 3037 328 3124 Pers.)
351 3034 482 3121 γράφει.
505 3037 599 3102 Harl.

306 3156 378 3217 352.
413 3158 497 3231 πῶς
527 3147 576 3218 άν
602 3150 680 3238 tyci
708 3172 751 3220 σε
779 3156 915 3239 δέοιμι
950 3147 1039 3238 μετ’
1078 3147 1331 3220 ἀθανάτοισι

221 3263 379 3322 θεοῖσι·
412 3248 430 3319 ὁ
460 3252 498 3319 δὲ
519 3248 730 3339 Ἀρίσταρχος
758 3261 839 3334 πῶς
861 3249 910 3322 dv
933 3250 1167 3337 adtriverat
1195 3251 1331 3339 γράφει.

221 3357 256 3421 οί
278 3354 315 3420 δὲ
337 3355 390 3421 ἐπὶ
411 3358 474 3420 τοῦ
496 3355 595 3438 δῆσαι
617 3355 682 3420 κτέ.
712 3356 753 3438 Q.
776 3358 874 3443 Vulg.
899 3366 940 3423 et.
957 3380 999 3422 m.
1015 3356 1243 3421 Aristarchum
1262 3362 1332 3435 τοῖς

221 3453 265 3522 tto
286 3451 320 3521 α’
345 3451 421 3522 εάθ.
444 3458 614 3544 scripsisse
632 3458 811 3524 Barnesius
832 3460 926 3526 vidit.
946 3460 1027 3524 Post
1040 3459 1074 3522 οί
1089 3456 1127 3523 δέ
1141 3459 1275 3541 excidit,
1297 3461 1331 3522 ni

220 3559 333 3642 fallor,
355 3560 452 3626 lectio
474 3559 516 3622 ab
539 3559 568 3622 E
592 3568 736 3643 servata,
756 3583 858 3647 eaque
879 3585 931 3626 me
952 3561 1059 3626 iudice
1080 3558 1240 3644 palmaria
1263 3563 1332 3636 πῶς

134 3651 140 3668 ’
220 3653 264 3725 dv
286 3656 351 3743 ἐμά
374 3677 411 3724 σε
434 3660 570 3745 φέριστε
590 3654 663 3745 μετ’
685 3656 885 3728 ἀθανάτοισι
907 3663 1025 3744 δέοιμι.
1054 3661 1151 3726 Hanc
1176 3661 1263 3724 enim
1284 3683 1332 3726 re-

221 3761 318 3847 spicit
337 3761 562 3846 interpretatio
591 3761 647 3826 καὶ
667 3758 710 3826 σύ
728 3761 893 3848 θρασύς,.
912 3761 1016 3846 φησίν
1037 3757 1055 3827 ό
1077 3761 1192 3846 λόγος,
1221 3758 1280 3826 κτέ
1301 3769 1333 3826 et

221 3858 303 3928 ὄντα
324 3885 391 3945 μου
409 3865 538 3926 πολλοῦ
559 3862 806 3948 γενναιότερον.
848 3864 914 3930 Sed
937 3873 1052 3950 quarta
1070 3865 1177 3947 etiam,
1202 3864 1230 3927 si
1253 3863 1333 3950 quid

219 3964 327 4047 video,
349 3964 447 4028 lectio
470 3964 604 4047 exstitit,
625 3986 698 4029 cum
718 3966 818 4030 schol.
841 3965 932 4050 vulg.
952 3965 1007 4030 καί
1030 3960 1073 4029 od
1089 3962 1222 4046 θρασὺς
1238 3959 1332 4052 ὁρᾷς,

221 4064 325 4147 φησὶν
346 4056 364 4128 ὁ
388 4059 487 4146 λόγος
503 4055 770 4150 interpretentur.
811 4067 1001 4154 Suspicatur
1023 4067 1142 4153 aliquis
1164 4067 1230 4131 tale
1252 4068 1333 4154 quid

220 4163 339 4228 lectum
369 4186 441 4228 esse
468 4166 539 4241 πῶς
567 4156 610 4228 dv
637 4161 702 4248 ἐμά
731 4161 765 4229 σ’
795 4170 965 4230 ίλλοντα
995 4161 1068 4249 μετ’
1098 4161 1130 4230 ά.
1165 4167 1212 4247 A,
1248 4187 1333 4253 quac

220 4264 369 4329 lectionis
390 4266 533 4330 varietas
557 4266 748 4332 facillimam
770 4266 1022 4354 explicationem
1044 4267 1193 4349 habebit,
1226 4266 1255 4330 si
1273 4288 1333 4352 pro
