2752 4890
1127 339 1168 406 89

597 523 627 580 7.

142 653 288 740 Hesyeh.
302 677 371 718 s.v.
393 643 561 735 αἰθέρα·
586 649 797 736 ἐμπυρισμὸν
818 645 883 716 άπὸ
907 653 969 716 τοῦ
991 653 1167 715 αἴθεσθαι·

57 751 247 837 Εὐριπίδης
277 758 431 838 Τρωάσιν
456 753 543 842 (sic.)
588 753 751 842 Didymus
780 777 832 841 ap.
864 753 964 818 schol.
986 751 1066 816 Eur.
1091 749 1167 814 Tro.

61 862 137 922 1071
164 880 196 944 p.
216 859 255 920 27
277 857 428 944 Kompm.
453 857 507 920 καὶ
529 851 589 921 τὸν
614 856 734 940 αἰθέρα
756 854 973 942 ἐπιβεβηκώς,
996 850 1013 919 6
1038 855 1168 920 Δίδυ-

57 984 133 1044 μος
155 956 216 1024 τὸν
237 953 448 1044 ἐμπυρισμὸν
470 953 536 1023 osc
559 962 622 1024 τοῦ
644 965 816 1028 αἴθεσθαι.

599 1129 628 1192 8.

44 1259 47 1264 ’
145 1262 290 1350 Hesych.
323 1261 339 1325 Ι
372 1265 433 1327 880
470 1259 740 1329 δακτυλωτὸν
783 1265 965 1348 ἔκπωμα·
1014 1264 1097 1328 ἔνιοι
1132 1255 1169 1325 τὸ

61 1365 171 1448 κέρας,
194 1359 334 1447 ἄμεινον
354 1362 390 1430 δὲ
413 1359 449 1429 τὸ
466 1359 662 1448 ξάστρωιον
681 1367 759 1452 (leg.
774 1361 950 1451 ἄμφωτον)
975 1361 1170 1448 λεγόμενον,

61 1461 80 1549 ἢ
110 1463 164 1531 διά
191 1460 228 1530 τὸ
259 1455 327 1530 cito
356 1468 444 1549 ἔχειν
471 1469 597 1546 ἔξωθεν
625 1467 680 1534 καλ
709 1463 879 1534 δυ’νασθαι
905 1479 972 1544 τοῖς
994 1461 1171 1540 δακτύλοις

60 1575 268 1650 κρατεῖσθαι.
315 1570 360 1633 Οἱ
379 1569 539 1636 δάκτυλοι
559 1571 737 1655 ἐνείροντο.

147 1670 238 1735 Haec
263 1673 364 1736 nostri
394 1695 465 1739 esse
488 1675 609 1738 evincit
629 1674 749 1738 Athen.
773 1673 824 1738 XI
845 1696 874 1761 p.
901 1675 963 1737 468
977 1671 1019 1734 D.
1061 1668 1173 1734 Verba

62 1781 138 1837 sunt
155 1773 244 1838 Ionis
267 1795 310 1838 ex
326 1776 572 1859 Agamemnone
590 1775 717 1859 fabule,
740 1777 775 1840 in
795 1798 892 1864 quem
908 1773 1071 1862 Didymus
1087 1793 1171 1836 com·

60 1883 225 1942 mentatus
248 1885 307 1942 est.
993 1875 995 1884 ‘
1101 1883 1102 1892 ’

600 2001 630 2061 9.

148 2130 293 2218 Hesych.
329 2130 363 2194 II
400 2134 461 2194 519
508 2127 729 2215 μαγάδεις·
777 2127 875 2198 αὐλοὶ
913 2130 1171 2215 κιθαριστήριον.

63 2228 213 2316 ὄργανον
236 2229 409 2310 ψαλτικόν.
432 2227 517 2298 ὅθεν
540 2234 594 2299 καὶ
617 2231 653 2300 τὰ
677 2232 818 2312 ψάλλειν
832 2232 989 2318 μαγάζειν
1004 2235 1170 2318 λέγουσιν.

63 2328 137 2402 οἷον
167 2330 263 2421 (Ἴων
292 2336 429 2424 Meum.)
460 2330 623 2420 όμφάλων
652 2333 815 2424 (Ὀμφάλῃ
843 2338 943 2420 idem)
974 2330 993 2422 ἢ
1023 2335 1173 2421 μαμάδης

64 2433 168 2514 αὐλὸς
191 2431 385 2523 ἦγηθηβοῆς
407 2439 443 2525 (Ι.
465 2438 615 2526 μαγάδης
636 2437 740 2518 αὐλάς
753 2435 901 2525 ἡγείσθω
918 2443 1000 2524 βοῆς
1015 2441 1172 2526 Wagner.

64 2541 116 2605 ΙΙΙ
139 2564 170 2627 p.
194 2541 259 2628 30),
283 2534 356 2606 oivti
377 2545 455 2606 τοῦ·
479 2538 496 2606 6
519 2542 678 2629 συνᾴδων
700 2547 740 2629 τῇ
759 2539 923 2627 μανάδι.”

149 2642 241 2708 Haec
257 2644 355 2708 etiam
367 2643 548 2733 Didymum
563 2646 760 2732 explicuisse
776 2646 987 2731 cognovimus
1000 2667 1042 2708 ex
1054 2644 1173 2709 Athen.
1192 2707 1194 2717 ,

63 2769 94 2832 p.
129 2748 208 2810 1409
236 2745 316 2811 Ddf.
366 2745 536 2834 Sophoclis
567 2769 694 2834 quoque
717 2748 902 2812 testimonio
928 2748 1174 2833 grammaticum

65 2848 96 2913 h.
118 2848 139 2912 1.
163 2870 258 2913 usum
280 2871 353 2913 esse
371 2849 466 2916 docet
488 2849 582 2914 Phot.
604 2850 670 2915 lex.
695 2853 766 2933 239,
793 2855 829 2914 15
858 2848 1053 2933 μάγαδις·
1089 2855 1175 2926 ρυλ-

64 2947 160 3016 τικὸν
181 2946 345 3034 ὄργανον·
361 2947 458 3024 οὕτω
481 2955 672 3036 Σοφοκλῆς.

593 3110 642 3170 10.

149 3241 293 3328 Hesych.
325 3242 466 3307 111079
499 3247 769 3324 [HTKNAIAN]
803 3237 840 3306 τὸ
869 3243 906 3306 ἐν
935 3237 1092 3326 Ἀθήναις
1123 3244 1176 3306 δι-

65 3341 263 3426 καστήριον,
286 3367 347 3426 την
370 3341 494 3429 πύκνα,
508 3341 598 3411 Ἴων.
618 3347 816 3431 Theognost.
839 3347 889 3427 23,
914 3349 951 3410 13
975 3349 1175 3422 Πυκνίας·

67 3444 101 3512 τὸ
125 3447 163 3510 ἐν
182 3440 340 3528 Ἀθήναις
363 3446 590 3532 δικαστήριον.
621 3449 744 3534 Bergk.
767 3452 932 3524 κυκναίας
954 3445 1067 3528 πτερά.
1091 3448 1175 3512 Fon-

66 3559 130 3614 tem
162 3549 400 3614 observationis
430 3551 526 3616 huius
558 3552 663 3638 operit
696 3548 850 3636 Stephon.
885 3549 966 3635 Byz.
1000 3573 1032 3636 p.
1056 3552 1132 3631 529,
1158 3555 1176 3613 5

67 3650 211 3715 Meinek.
246 3652 375 3732 λέγεται
406 3651 461 3736 καὶ
483 3655 630 3717 αυκναία
660 3644 889 3734 [παρ’ἼωνιΙ·
933 3653 1119 3734 Δίδυμος
1142 3649 1181 3716 δέ

67 3770 182 3837 φησιν,
205 3747 257 3817 ὅτι
280 3749 361 3836 ’τὴν
383 3749 496 3818 πύκνα
518 3746 561 3818 άν
578 3759 629 3838 εἴη
649 3753 756 3836 λέγων
779 3749 865 3818 uzi!

576 3925 647 3986 11.

149 4055 203 4120 Ab
225 4019 289 4122 'hoc
323 4059 394 4122 loco
424 4057 590 4144 profectus
618 4080 656 4123 eo
678 4081 781 4145 usque
804 4056 964 4145 processit
982 4053 1178 4136 Meinekius,

64 4169 98 4224 nt
129 4159 163 4222 in
191 4158 293 4224 altero
319 4158 479 4246 Hesychii
505 4160 577 4225 loco
607 4169 759 4247 corrupto
783 4159 880 4225 etiam
903 4179 1020 4222 nomen
1042 4155 1179 4243 Didymi

64 4262 248 4326 restitueret
270 4260 336 4326 vol.
358 4260 393 4324 ΙΙ
415 4283 446 4346 p.
466 4265 528 4327 692
555 4267 781 4347 Νυμφαῖον
800 4257 943 4343 ὄχθον·
964 4252 1051 4322 Ἴων.
1075 4253 1092 4321 6
1116 4253 1179 4322 κά-
