2894 4890
559 390 750 471 ..ρ-
1155 383 1214 448 187

190 563 241 629 Of.
259 559 426 628 Sohaefer.
446 557 488 623 ad
500 555 687 642 Greg.Cor.
699 577 731 641 p.
747 555 806 617 192
825 551 970 640 Hesyah.
994 549 1213 638 ἐβόλοντο·

106 666 306 754 ἐβούλοντο,
330 658 588 747 ἐβουλεύσαντο.

191 786 263 847 254.
298 775 429 845 δεύει·
475 778 512 842 ἐν
557 779 597 862 τῇ
628 769 712 840 κατὰ
744 766 990 857 Ἀριστοφάνην
1032 769 1215 855 ἐγέγραπτο

109 881 228 971 δεόη,
256 877 310 947 ’ίν’“
327 871 349 966 ἦ
367 873 452 964 πρὸς
472 876 534 944 τόν
560 876 753 960 Τηλέμαχον
775 868 792 940 ὁ
816 871 933 957 λόγος·
959 866 1044 939 άλλά
1065 869 1110 957 μὴ
1133 878 1217 939 πολ-

107 982 189 1063 λοῦς
211 987 264 1049 δεῖ
281 983 417 1071 (Buttm.
441 973 752 1066 τοτυπολλόνδεῖ),
775 975 831 1041 καί
852 970 889 1039 τό
913 970 1041 1041 πολλὸν
1064 969 1218 1061 συνάπτῃ

107 1091 186 1175 (leg.
212 1087 275 1172 -ει)
295 1087 341 1172 τῷ
366 1079 459 1168 δεόη.
507 1078 634 1166 μήποτε
657 1079 693 1144 δέ
712 1073 852 1162 άμεινον
874 1066 895 1164 ᾖ
916 1071 972 1142 διά
996 1079 1059 1140 τοῦ
1082 1099 1111 1140 ει
1132 1071 1217 1159 γρά-

107 1211 195 1269 φειν.
245 1184 300 1252 καί
326 1187 418 1250 ἐστιν
445 1175 520 1248 οἷον
545 1177 608 1270 τῆς
630 1175 767 1264 ἀρχαίας
792 1180 1022 1264 γραμματικῆς
1051 1175 1088 1242 ἕν
1109 1201 1140 1242 τι
1162 1174 1218 1242 καί

110 1291 208 1353 τοῦτο
230 1291 298 1353 τοῖν
318 1281 624 1370 ὑπολελειμμένων.
653 1282 693 1364 Q.

109 1453 112 1458 .
195 1406 265 1467 261.
288 1400 396 1488 ὄφρα
419 1405 459 1468 οί
475 1409 557 1486 είη·
581 1397 787 1485 Ζηνόδοτος·
810 1395 916 1482 ὄφρα
934 1400 1064 1481 δαείη.
1087 1395 1219 1480 ἐλέγχε-

110 1523 164 1564 ται
186 1499 223 1564 δὲ
244 1502 280 1566 ἐκ
300 1509 360 1570 τοῦ
384 1503 567 1589 ἑπομένου,
590 1498 674 1568 άλλδι
695 1497 803 1584 πατὴρ
823 1502 860 1565 οί
872 1503 991 1565 δάκεν.
1014 1500 1109 1565 Harl.

197 1621 269 1682 337.
289 1611 419 1700 οἶδας·
443 1619 480 1688 τὸ
503 1623 541 1710 (l.
553 1623 613 1710 τῷ)
638 1616 731 1697 οἶδας
752 1614 816 1684 οὐκ
840 1605 1220 1704 ἐχρήσατο-Ζηνόδο-

112 1742 168 1794 τος
201 1716 323 1800 γράφει
353 1725 499 1806 είδεις,
533 1723 588 1788 καί
617 1717 830 1806 Ἀρίσταρχος
858 1718 900 1787 οὐ
936 1722 1148 1804 δυσχεραίνει
1179 1721 1221 1805 τῇ

110 1821 235 1904 arara·
257 1819 351 1884 Harl.

198 1923 270 1984 356.
301 1916 509 2004 Ἀρίσταρχος
548 1922 586 1989 δὲ
623 1918 740 1990 ἀθετεῖ
772 1919 913 2008 ἄμεινον
947 1921 1056 2004 λέγων
1095 1914 1221 1996 αότοός

113 2022 201 2104 ἐχειν
222 2021 259 2086 ἐν
277 2017 389 2087 Ἰλιάδι
416 2023 472 2087 καί
495 2025 531 2090 ἐν
552 2029 592 2112 τῇ
614 2028 723 2110 τοξείᾳ
742 2028 811 2090 τοῖν
828 2020 1038 2108 μνηστήρων.
1061 2023 1102 2102 Q.
1125 2021 1219 2087 Harl.

110 2123 150 2188 ’ἐν
174 2121 210 2187 δὲ
229 2134 300 2199 ταῖς
322 2122 711 2211 χαριεστέρως-γραφαῖς
733 2120 797 2190 οόκ
818 2116 915 2209 ἦσαν.

197 2227 269 2289 424.
283 2227 382 2289 ἐνιοι·
406 2220 447 2306 δὴ
460 2221 534 2288 τότε
551 2225 752 2310 κοιμήσαντο
768 2224 823 2291 καί
839 2219 952 2290 ὕπνου
968 2227 1079 2307 δῶρον
1092 2223 1220 2288 ἕλοντο.

113 2329 381 2408 μεταποιηθῆναι
403 2326 442 2391 δέ
458 2342 563 2409 φασιν
582 2318 646 2406 ὑπὸ
666 2323 929 2410 Ἀριστοφάνους
951 2322 1011 2390 τόν
1034 2329 1157 2407 στίχον.
1177 2326 1218 2389 Ε.

113 2425 153 2508 Q.
178 2428 272 2491 Harl.
297 2427 333 2491 ἐν
357 2422 393 2492 δέ
416 2430 455 2512 τῇ
474 2421 652 2512 Ἀργολικῇ
671 2427 914 2511 προστίθειται.
937 2424 977 2493 Ε.
1001 2427 1041 2508 Q.

200 2752 230 2810 7.
255 2746 347 2825 Quae
369 2747 403 2810 in
426 2746 466 2828 Q.
492 2746 645 2832 leguntur
664 2756 801 2834 possunt
817 2748 970 2836 Didymi,
993 2754 1130 2834 possunt
1148 2747 1222 2810 Ari-

113 2849 230 2910 stonici
249 2869 331 2910 esse.

198 2952 250 3011 41.
284 2942 447 3031 ἤγειρα·
479 2944 669 3031 Ζηνόδοτος
697 2942 855 3031 ἤγειρε.
901 2947 1064 3031 ἐλέγχεται
1097 2943 1134 3012 δέ
1167 2943 1223 3012 διὰ

113 3052 176 3114 τοῦ
194 3045 372 3130 μάλιστα
394 3044 424 3112 δ’
451 3047 528 3133 ἐμέ.
568 3049 669 3132 ἐχρῆν
689 3045 753 3132 γὰρ
776 3051 882 3114 εἰπεῖν
905 3044 1021 3114 αὐτόν.

198 3168 250 3228 42.
282 3170 412 3247 γελοῖος
445 3169 558 3251 (-οίως
589 3167 697 3252 Pars.)
730 3163 854 3250 γράφει
883 3162 1072 3248 Ζηνόδοτος
1096 3162 1224 3250 ἠΐονα

116 3269 176 3353 (aa.
188 3260 265 3330 άντί
275 3269 337 3330 τοῦ
358 3261 530 3352 ἀγγελίην)
545 3262 611 3332 άπὸ
622 3270 684 3331 τοῦ
696 3261 793 3350 άίειν,
815 3262 836 3332 ό
854 3266 946 3331 ἐστιν
957 3261 1107 3331 ἀκοόειν.
1128 3268 1222 3332 Harl.

199 3371 251 3430 45.
284 3361 304 3430 ὅ
335 3390 405 3449 μοι
437 3363 563 3431 κακὸν
592 3369 787 3452 ἔμπεσεν·
817 3361 1073 3450 Ἀριστοφάνης·
1107 3363 1128 3430 ό
1156 3390 1225 3451 μοι

115 3463 218 3531 κακὰ
242 3468 401 3550 ἔμπεσε.
451 3463 487 3531 τὸ
512 3466 551 3532 δέ
573 3463 594 3532 ό
615 3491 690 3552 μοι,
721 3464 795 3535 ἀντὶ
820 3471 883 3533 τοῦ
905 3462 957 3532 ὅτι
980 3489 1046 3550 μοι.
1068 3469 1161 3534 Harl.
1183 3469 1224 3548 Q.

116 3567 158 3632 ef.
181 3567 303 3630 Butlm.
324 3588 357 3653 p.
374 3571 417 3646 Ι52
438 3569 547 3633 adnot.

200 3670 252 3730 46.
269 3666 379 3733 δοιά·
401 3663 422 3734 ό
443 3665 506 3752 μίν
518 3664 760 3754 Ἀριστοφάνης
772 3671 882 3745 κακῶς
892 3673 1132 3752 πληθυντικῶς
1148 3666 1226 3752 γρά-

29 3775 33 3783 ’
116 3790 184 3848 φει.
229 3761 307 3831 ὅδὲ
326 3761 538 3854 Ἀρίσταρχος
559 3763 596 3834 τό
624 3765 700 3833 δοιὰ
722 3761 797 3833 ἀντὶ
819 3773 882 3834 τοῦ
901 3771 1002 3852 διχῶς
1025 3764 1152 3834 άκοόει.
1184 3770 1225 3834 Ε.

113 4027 115 4032 ,
199 3972 251 4032 50.
276 3968 498 4050 ἐπέχραον·
517 3962 760 4050 Ἀριστοφάνης
783 3968 980 4054 ἐπέχραον.
1001 3969 1095 4034 Harl.

115 4137 117 4142 .
201 4090 252 4148 74).
275 4085 424 4167 σχέσθε
443 4088 578 4168 φίλοι·
601 4077 622 4167 ἢ
643 4079 661 4148 ὁ
684 4082 783 4168 λόγος
800 4082 893 4170 ,πρὸς
910 4082 990 4162 τοὺς
1004 4083 1225 4168 Ἰθακησίους,

116 4177 192 4248 οἷον
214 4180 413 4267 άντίσχεσδέ
430 4208 506 4272 μου.
539 4179 591 4250 δλό
614 4183 669 4248 καί
690 4181 932 4268 Ἀριστοφάνης
952 4181 1093 4266 γράφει,
1120 4179 1164 4264 μή
1188 4176 1223 4265 μ’

117 4289 192 4350 οίον
213 4285 341 4369 ἐάσατε,
365 4280 386 4348 ὅ
395 4311 396 4314 “
408 4285 477 4351 ἐστι
490 4284 546 4350 καί
566 4279 661 4368 ὑμεῖς
676 4279 997 4368 δποσνμπαδήσατε.
1015 4277 1226 4367 Ἀρίσταρχος
