2866 4882
1141 379 1202 441 347

93 544 250 610 Claudius
277 523 442 631 Didymus
471 543 499 607 si
528 537 684 608 librorum
713 543 755 608 de
783 543 945 607 latinitate
973 553 1086 610 auctor
1107 555 1203 630 esset,

91 668 176 735 quae
198 645 238 709 de
261 644 393 709 Claudii
414 644 588 708 novamine
610 644 741 709 disserit
766 646 954 710 Priscianus
983 648 1030 710 ita
1057 657 1204 712 narraret

91 750 217 836 opinor,
240 756 276 810 ut
289 745 470 834 Didymum
491 746 598 833 ipsum
618 747 710 833 sequi
725 755 905 833 appareret,
926 752 982 834 qui
1001 749 1203 834 imperatoris

91 851 261 916 inventum
288 847 468 934 praeterire
497 847 628 912 silentio
647 848 706 912 vix
727 859 848 934 posset.
895 849 947 916 uf.
971 849 1121 916 Torreat.
1144 849 1204 916 Ca-

93 951 186 1018 saub.
208 952 300 1038 Lips.
322 949 364 1014 ad
386 950 519 1014 Sueton.
542 947 655 1025 Claud.
678 947 772 1014 Caes.
794 972 822 1015 c.
845 955 896 1016 41.

630 1106 660 1166 2.

178 1224 339 1288 Priscian.
362 1221 413 1286 XI
439 1226 466 1304 l,
491 1226 503 1284 1
527 1222 593 1287 vol.
619 1226 632 1284 1
653 1244 685 1307 p.
709 1226 770 1287 515
793 1225 852 1290 Kr.
878 1222 998 1289 ‘Stoici
1017 1227 1103 1289 enirn
1127 1248 1204 1312 quo-

93 1325 190 1391 modo
216 1323 387 1388 articulum
420 1332 452 1387 et
472 1345 649 1409 pronomen
671 1347 770 1389 unam
798 1333 923 1411 partem
947 1327 1101 1394 orationis
1122 1329 1205 1390 acci-

93 1427 236 1514 piebant,
259 1424 421 1490 infinitum
442 1425 614 1490 articulum
637 1438 803 1509 vocantes,
822 1448 918 1512 quem
939 1429 1142 1510 grammatici
1155 1451 1204 1492 ar-

93 1527 246 1609 ticulum,
275 1526 305 1589 ei
331 1548 460 1613 quoque
487 1527 703 1612 adiungentes
727 1530 824 1592 etiam
850 1528 978 1592 infinita
997 1530 1129 1592 nomina
1152 1529 1205 1594 vel

95 1629 248 1693 relativa:
263 1627 350 1715 quod
368 1627 464 1691 etiarn
476 1627 675 1715 Didymus
691 1629 772 1694 facit
785 1637 930 1692 tractans
947 1628 987 1694 de
1002 1629 1203 1695 Latinitate!

181 1729 232 1794 Of.
255 1728 408 1815 Apollon.
432 1730 473 1795 de
494 1752 586 1816 pron.
609 1754 642 1817 p.
666 1736 684 1794 4
711 1730 820 1795 Bekk.
843 1730 978 1794 Lersch.
998 1728 1203 1819 Spraohphil.

95 1831 130 1896 Il
150 1854 182 1918 p.
206 1833 331 1894 41-43
353 1831 393 1895 R.
418 1831 575 1896 Schmidt.
605 1831 703 1898 Stoic.
718 1855 862 1918 gramm.
883 1855 915 1918 p.
940 1833 1076 1896 ‘sa-42.

633 1990 652 2050 3

178 2103 338 2167 Priscian.
362 2104 447 2170 VIII
476 2110 513 2168 17
536 2110 567 2189 5.
589 2111 640 2172 96.
667 2113 685 2171 7
709 2105 964 2191 v01.1p.429.
1010 2102 1205 2169 ‘Sciendum

94 2213 212 2286 tamen,
235 2204 323 2291 quod
344 2206 496 2270 videmur
517 2208 550 2270 in
573 2209 747 2294 praeterito
769 2206 914 2292 perfecto
937 2203 1127 2290 plerumque
1148 2205 1204 2269 ba

93 2313 212 2391 rytona
242 2325 369 2392 quoque
398 2307 598 2372 Graecorum
625 2308 746 2372 imitari
768 2309 800 2372 in
822 2306 1072 2372 commutatione
1093 2327 1205 2370 conso-

95 2406 252 2489 nantium,
273 2413 355 2470 teste
370 2405 559 2495 Didymo,
581 2411 638 2496 qui
657 2409 831 2474 ostendens
844 2410 962 2492 omnia,
977 2427 1066 2495 ,quae
1083 2405 1206 2471 habent

94 2509 129 2570 in
150 2516 219 2572 arte
243 2507 372 2590 Gracci,
395 2506 517 2572 habere
537 2511 634 2574 etiam
657 2510 792 2575 Latinos
816 2509 974 2596 exemplis
997 2507 1058 2572 hoc
1076 2507 1203 2594 probat.

93 2609 188 2692 Nam,
210 2631 309 2696 quum
331 2611 470 2696 primam
488 2611 750 2694 coniugationem
769 2612 882 2678 dicunt
900 2612 1095 2698 berytonon,
1122 2631 1205 2695 quae

93 2721 160 2776 tres
184 2718 341 2796 cognatas
362 2709 462 2774 habet
483 2720 710 2795 consonantes,
733 2712 833 2778 idest
851 2717 963 2797 βπφ,
983 2734 1042 2798 pro
1066 2731 1130 2797 qua
1143 2731 1203 2774 nos

93 2811 138 2899 ph
161 2810 332 2876 scribimus
359 2813 393 2876 in
413 2812 579 2900 plerisque
602 2815 689 2879 etin
714 2812 862 2879 omnibus
884 2813 980 2878 huius
1005 2810 1204 2894 coniugatio-

91 2916 143 2978 nis
166 2910 276 2978 verbis
297 2935 356 3000 per
379 2908 586 2997 adoptator
611 2913 643 2979 h.
668 2939 696 2980 e.
718 2915 929 3002 praeteritum
949 2912 1110 2985 infinitum
1132 2932 1205 2999 spa-

91 3016 137 3080 tio
160 3014 315 3101 temporis
343 3024 451 3080 utrum
474 3015 571 3102 paulo
598 3025 674 3081 ante
702 3039 745 3080 an
767 3015 868 3082 multo
891 3017 934 3081 sit
953 3014 1146 3102 perfectum.
1168 3022 1205 3077 ut

91 3114 208 3201 κρύβω
233 3116 334 3203 (unde
354 3115 503 3200 κρύπτοι,
523 3116 585 3183 hoo
597 3120 616 3180 2
629 3141 690 3184 em.
704 3117 809 3200 codd,
827 3116 913 3205 quod
927 3114 1038 3204 prob.)
1062 3115 1204 3199 ἔκρυψα,

90 3221 194 3283 λείπω
212 3217 339 3301 ilerda,
362 3211 488 3300 ἀλείφοι
507 3211 640 3301 iterato,
662 3241 721 3284 nos
734 3240 862 3306 quoquc
883 3219 916 3281 in
938 3217 1114 3306 praeterito
1133 3239 1205 3303 per-

45 3329 48 3336 '
92 3320 178 3384 fecto
199 3357 304 3401 ——,
329 3342 402 3384 oum
421 3320 455 3383 in
475 3320 641 3405 praesenti
662 3321 696 3382 in
715 3325 750 3384 bo
771 3319 827 3384 vel
843 3340 885 3399 po
906 3318 1034 3383 desinat
1055 3318 1204 3400 verbum,

92 3419 281 3506 plerumque
309 3420 344 3483 in
369 3427 420 3500 psi
444 3417 582 3483 facimus
609 3421 819 3505 praeteritum
844 3419 1025 3507 perfectum
1053 3421 1087 3484 in
1108 3421 1206 3483 tertia

92 3523 334 3607 coniugatione,
354 3528 391 3585 ut
412 3519 519 3586 scribo
542 3522 674 3607 scripsi,
697 3521 784 3586 nubo
804 3521 917 3609 nupsi,
941 3519 1052 3606 scalpo
1074 3520 1203 3606 scalpsi,

90 3646 168 3712 repo
187 3624 295 3710 repsi’
319 3629 352 3686 et
373 3644 404 3707 q.
429 3644 455 3685 s.
908 3708 913 3718 .

172 3723 331 3788 'Praetavi
349 3721 436 3785 hunc
458 3721 565 3787 locum
586 3724 621 3787 in
637 3731 808 3787 comment.
830 3723 871 3787 de
885 3721 1049 3807 Dionysio
1065 3719 1201 3785 Thrace.

90 3825 142 3891 Of.
165 3824 275 3889 Bekk.
295 3822 432 3888 anecdd.
457 3823 492 3889 H
512 3847 545 3911 p.
563 3827 635 3907 638,
656 3827 696 3888 30
719 3847 790 3910 sqq.
814 3822 954 3888 Timoth.
979 3822 1103 3887 Gazae.
1127 3818 1203 3899 περὶ

87 3925 222 4004 συντάξ.
250 3948 302 4012 ap.
333 3923 440 3990 Cram.
465 3925 538 3988 ΑΡ.
561 3925 609 3989 IV
630 3948 662 4011 p.
687 3925 765 4006 242,
787 3927 827 3988 27
850 3961 891 3971 —-
914 3926 985 4006 243,
1009 3925 1027 3986 3
1055 3919 1201 3987 Macrob.

89 4027 130 4092 de
149 4028 304 4103 societate
326 4026 446 4092 Graeci
467 4027 646 4114 Latinique
665 4025 759 4090 verbi
779 4049 811 4113 p.
835 4028 896 4090 796
917 4025 968 4088 ed.
991 4023 1093 4087 Zeun.

157 4237 159 4244 .
495 4201 499 4208 ”
625 4182 655 4241 4.

169 4295 330 4364 Priscian.
353 4295 394 4361 de
414 4299 470 4384 fig.
493 4298 615 4363 numi
637 4299 701 4380 §.9
723 4293 788 4362 vol.
812 4293 847 4359 Il
869 4315 901 4380 p.
919 4295 981 4356 390
1004 4289 1201 4358 ‘sestertius
