2858 4882
206 371 273 435 372

207 535 354 617 ιιωνιιιῆς
379 531 435 598 καὶ
463 533 521 613 τῆς
545 524 680 613 Κρήτης
707 524 813 604 πόλις.
856 519 942 590 ὅθεν
963 512 1007 607 ἦν
1029 519 1173 587 Μύσων
1200 511 1249 600 εἷς
1270 525 1338 586 τῶν

209 631 290 701 έιττὰ
313 636 431 716 σοφόν
452 623 801 718 γρηματίζωνἨτεῖος,
824 613 866 691 οὗ
888 626 1050 711 μέμνηται
1069 622 1226 690 Πλάτων
1241 622 1279 687 έν
1293 625 1336 709 τῷ

208 729 419 820 Πρωταγόρᾳ
439 734 551 818 Χηνέα
576 736 699 798 τοῦτον
728 724 843 796 είτιοόν.
887 729 1083 812 Δίδυμος
1105 724 1145 791 δέ
1168 742 1336 808 συμπο-

210 839 370 902 aranea
390 832 552 922 όειιιίτφ
568 829 697 898 Ἠτεῖον
716 824 824 894 αὐτόν
843 835 946 895 καλεῖ.

120 999 124 1007 .
291 926 393 1020 Ἠτις,
413 932 538 1011 Ἠτεῖος
558 935 590 1000 h.
605 934 626 998 l.
651 932 810 998 debentur
832 932 872 997 O.
886 930 1045 1008 Muellero
1069 931 1156 996 Dor.
1174 931 1213 994 II
1228 955 1262 1018 p.
1275 931 1335 992 453

210 1049 243 1104 οῖ
259 1037 443 1104 Meinekio:
476 1037 519 1102 cl.
543 1035 819 1118 Pausan.1112‚
844 1039 879 1098 11
907 1033 990 1100 VIII
1013 1036 1062 1116 12,
1087 1036 1114 1108 8,
1130 1041 1176 1098 et.
1196 1056 1241 1096 m.
1265 1033 1335 1112 248,

211 1144 262 1206 34.
306 1140 415 1205 Locus
436 1138 583 1205 Platonis
605 1145 713 1202 exstat
734 1158 766 1222 p.
780 1139 841 1200 343
865 1138 906 1201 Α.
923 1123 1035 1223 Steph'.
1048 1139 1134 1216 εξ.
1156 1137 1200 1200 82
1222 1157 1257 1221 p.
1275 1136 1335 1197 582

211 1241 346 1306 Heindf.
391 1241 443 1304 De
464 1240 615 1326 Myronis
636 1239 743 1325 patria
765 1238 808 1304 cf.
824 1239 908 1324 Aeg.
924 1238 1056 1321 Menag.
1080 1237 1123 1300 ad
1143 1236 1251 1322 Diog.
1276 1236 1335 1300 La.

211 1343 276 1408 vol.
299 1342 316 1406 l
338 1365 370 1428 p.
386 1344 448 1405 286
464 1362 535 1428 sqq.
555 1339 686 1405 Huebn.
705 1379 748 1390 -
771 1341 923 1405 Ceterum
946 1338 1104 1426 Stephani
1121 1339 1235 1403 verba
1258 1339 1338 1403 mihi

211 1445 272 1510 vix
302 1443 475 1509 admittere
508 1442 681 1508 lectionem
698 1438 828 1507 Ἠτεῖον
851 1443 1005 1507 videntur
1011 1490 1020 1525 ,
1057 1441 1116 1504 sed
1147 1439 1338 1525 efflagitare

215 1547 362 1610 Οἰταῖον.
406 1544 531 1609 Vereor
566 1545 653 1608 enim
680 1567 722 1609 ne
754 1545 934 1631 Didymus,
978 1544 1034 1630 qui
1066 1564 1143 1605 cnm
1176 1542 1338 1606 Mnaseae

213 1647 342 1731 scriptis
378 1644 416 1708 έν
445 1648 492 1730 τῷ
517 1644 594 1727 περὶ
620 1649 780 1728 χρησμῶν
809 1666 860 1731 ap.
891 1642 991 1708 schol.
1023 1641 1121 1706 Pind.
1148 1641 1204 1707 Ol.
1239 1643 1337 1706 1170

213 1745 337 1811 laudati
358 1746 506 1809 intimam
526 1746 782 1812 familiaritatem
804 1754 1014 1811 contraxerat
1052 1745 1108 1832 (cf.
1133 1767 1260 1809 comm.
1281 1745 1339 1807 Di-

215 1849 302 1932 dym.
333 1845 382 1910 lV
412 1850 424 1908 l.
460 1869 491 1933 p.
517 1851 611 1934 358),
646 1846 707 1912 hoc
740 1847 843 1912 fretus
876 1856 1007 1912 auctore
1039 1846 1194 1931 vulgaria
1230 1846 1340 1912 famae

214 1957 393 2013 contemtor
415 1970 487 2012 esse
507 1948 669 2013 maluerit.
714 1949 818 2035 Saepe
837 1951 924 2013 enim
945 1949 1129 2035 quaesitum
1153 1957 1221 2032 eet,
1262 1972 1340 2014 num

217 2055 268 2116 01
271 2053 405 2116 TAIOC
423 2071 466 2112 an
485 2055 658 2116 HTEIOO
676 2049 776 2116 fuerit
796 2051 902 2138 Myso,
925 2050 967 2114 cf.
984 2051 1083 2134 Diog.
1101 2050 1165 2115 La.
1185 2052 1257 2116 vol.
1276 2051 1338 2138 lp.

217 2155 257 2218 78
280 2152 413 2217 Huebn.
457 2153 596 2216 Accedit
618 2151 706 2239 quod
727 2152 908 2237 Didymum
931 2151 1078 2215 Platonis
1101 2153 1341 2217 adversarium

215 2254 317 2322 fuisse
340 2255 437 2318 etiam
459 2252 591 2318 aliunde
613 2253 837 2338 eognovimus.

753 2444 773 2502 4
844 2487 846 2492 .

301 2557 458 2644 Stephani
479 2556 582 2622 verba
611 2557 667 2643 (cf.
691 2557 830 2620 eundem
853 2578 886 2643 p.
909 2559 989 2640 692,
1014 2557 1112 2643 15Μ)
1138 2581 1218 2624 cum
1240 2559 1339 2625 fidem

216 2660 340 2725 faciant
371 2681 391 2724 a
412 2660 558 2746 Didymo
591 2661 625 2723 in
648 2660 804 2724 decimo
826 2657 1110 2744 Symposiacorum
1134 2659 1339 2725 libramen·

215 2762 338 2826 tionem
360 2761 513 2826 iniectam
539 2783 611 2825 esee
629 2759 670 2824 de
695 2768 818 2845 septem
841 2758 1002 2823 Graeciae
1031 2759 1254 2845 sapientibuS,
1278 2765 1339 2827 huc
1382 2777 1387 2802 *

217 2862 314 2927 etiam
338 2862 548 2928 referendum
570 2861 651 2927 mihi
673 2859 805 2926 videtur
831 2882 896 2924 non
925 2861 995 2923 eine
1017 2862 1127 2946 specie
1150 2865 1227 2926 veri
1252 2864 1338 2948 frag·

216 2971 360 3026 mentum
391 2962 478 3030 haud
518 2964 604 3030 exile
641 2987 661 3028 a
699 2961 867 3026 Clemente
899 2961 1127 3026 Alexandrino
1167 2975 1337 3028 servatum

218 3061 370 3126 Stromat.
396 3063 413 3126 I
441 3088 473 3150 p.
504 3068 564 3129 220
586 3066 630 3130 D.
667 3063 782 3128 Heins.
817 3063 900 3150 (LB.
942 3064 1054 3148 1626):
1099 3059 1137 3127 τό
1173 3064 1241 3148 μὲν
1275 3057 1338 3130 οὖν

217 3163 368 3227 ratae!
392 3168 578 3230 eArTON
601 3167 635 3230 οί
664 3161 728 3250 μὲν
757 3169 905 3240 Χίλωνος
942 3159 1167 3248 ὑπειλήφασι,
1202 3174 1338 3252 Χαμαι-

216 3260 303 3325 λέων
324 3257 361 3325 dd
380 3262 418 3325 ἐν
439 3267 485 3350 τῷ
507 3267 583 3347 περὶ
604 3269 700 3330 θεων
721 3270 851 3348 Θαλοῦ,
873 3261 1097 3349 Ἀριστοτέλης
1118 3265 1156 3331 δὲ
1177 3273 1240 3352 τῆς
1262 3275 1337 3334 Πυ-

216 3365 305 3439 θίας.
324 3413 325 3416 .
345 3359 487 3428 δύναται
521 3363 557 3428 δὲ
587 3361 650 3447 τὴν
678 3371 807 3447 γνῶσιν
831 3364 1069 3449 ἐγκελεύεσθαι
1098 3366 1337 3451 μεταδιώκειν.

217 3457 282 3528 oda
306 3464 376 3529 ἔστι
402 3457 466 3549 γὰρ
492 3459 575 3530 ἄνευ
600 3469 659 3549 τῆς
681 3470 751 3532 τοῖν
776 3462 867 3533 ὅλων
888 3462 1005 3545 οὐσίας
1025 3471 1151 3534 εἰδέναι
1173 3467 1216 3536 τὰ
1240 3475 1335 3556 μέρη.

220 3564 326 3649 δεῖόη
346 3561 409 3650 τὴν
428 3568 562 3650 γένεσιν
576 3572 640 3634 τοῦ
661 3566 792 3653 κόσμον
810 3575 1146 3655 πολυπραγμονῆσαι,
1163 3569 1211 3637 δι’
1231 3564 1339 3658 ἦςιιαί

217 3662 280 3749 τὴν
308 3670 370 3732 τοῦ
396 3662 585 3748 ἄνθρωπον
612 3668 720 3753 φύσιν
744 3678 958 3754 καταμαθεῖν
979 3671 1114 3749 ἐξέσται.
1157 3672 1267 3740 πόλιν
1293 3667 1338 3740 αὖ

215 3772 341 3834 Χίλωνι
360 3772 406 3855 api
426 3771 680 3860 Λακεδαιμονίῳ
704 3765 912 3856 ἀναφέρουσι
934 3769 970 3838 τό
998 3778 1171 3839 ΜΗΔΕΝ
1192 3781 1336 3858 Amol,

216 3869 381 3951 Στράτων
401 3865 438 3933 dl
458 3868 496 3933 έν
522 3874 568 3956 τῷ
590 3872 667 3954 περὶ
688 3863 888 3956 εὑρημάτων
911 3873 1141 3960 Στρατοόήμςο
1166 3877 1336 3963 (Mueller.

216 3968 258 4034 lr.
278 3969 354 4034 hist.
376 3969 435 4034 (ir.
451 3969 486 4033 II
500 3992 533 4056 p.
546 3975 608 4037 369
631 3977 716 4058 coni.
736 3969 978 4062 Ἀριστοδήμῳ)
1000 3980 1046 4062 τῷ
1061 3975 1210 4063 Τεγεότῃ
1227 3999 1337 4062 προσ-

215 4066 312 4134 όιττει
344 4065 383 4134 τό
415 4066 631 4158 ἀπόφθεγμα.
676 4077 863 4160 Δίδυμος
884 4075 922 4140 δὲ
944 4075 1081 4143 Σόλωνι
1106 4073 1191 4143 αὐτό
1219 4077 1339 4147 ἀνατί-

214 4175 319 4252 θησιν
348 4169 454 4256 (Suid.
478 4183 510 4238 et
530 4175 657 4241 Endon.
683 4199 716 4262 p.
740 4179 802 4241 387
822 4177 973 4242 Museum
992 4179 1245 4247 Pio-Clement.
1270 4184 1338 4250 vol.

214 4269 264 4334 VI
294 4269 361 4336 tab.
383 4272 520 4360 XXII),
552 4269 666 4357 ὥσπερ
700 4270 813 4360 όμέλει
835 4277 1039 4369 Κλεοβούλῳ
1071 4277 1341 4352 τὸ.ΜΕΤΡοΝ
