2866 4882
221 357 283 422 302

223 517 243 588 δ
265 514 388 588 οἷόντε
406 519 486 599 τούς
506 519 693 601 δακτύλους
714 525 853 608 διείρειν
874 521 1093 607 ἑκατέρωθεν,
1117 516 1214 586 άλλοι
1237 521 1274 586 δὲ
1296 515 1335 586 τὸ

224 623 261 688 ἐν
280 621 394 711 κύκλφ
414 621 544 704 τύπους
564 628 655 709 ἐχον,
685 617 759 691 οίον
788 622 991 708 δακτύλους,
1019 618 1094 707 ύτό
1115 625 1193 706 έχον
1211 619 1337 705 ἐξοχάς,

223 717 278 808 οἷα
310 724 351 790 τὰ
373 720 524 790 Σιδύνια
556 723 698 809 ποτήρια
730 722 752 811 ἢ
781 724 818 792 τύ
850 733 951 792 λείου.
996 720 1164 809 άχραντον
1191 721 1229 788 δὲ
1254 724 1338 803 πυρὶ

223 826 312 911 παρὰ
341 821 379 892 τὸ
402 821 602 910 Ὁμηρικόν·
639 821 796 911 (άπνρον
817 830 983 909 κατέθηκε
1012 827 1151 911 λέβητα’
1184 829 1241 913 (Ψ
1260 824 1337 909 267)

223 929 261 993 τὸ
285 924 475 1011 ἐπιτήδειον
497 930 543 1004 είς
564 931 703 1012 ψυχρῶν
720 921 856 992 ὑδάτων
873 920 1084 1011 ὑποδοχὴνῆ
1102 925 1187 1010 πρὸς
1205 935 1337 1008 ψυχρο-

224 1034 347 1096 ποσίαν
367 1025 522 1094 εὔθετον.
566 1028 654 1106 τινὲς
679 1027 716 1095 δὲ
739 1024 776 1094 τὸ
799 1030 906 1111 κέρας.
954 1029 1031 1113 περὶ
1054 1027 1090 1093 δέ
1114 1024 1177 1112 τὴν
1196 1031 1338 1091 Μολοσ-

224 1134 301 1197 σίδα
329 1132 365 1196 οί
385 1126 466 1216 βόες.
485 1123 646 1214 ὑπερφυῆ
670 1131 883 1214 ἱστοροῦνται
905 1131 1027 1216 κέρατα
1049 1132 1154 1213 ἔχειν,
1186 1128 1264 1213 περὶ
1287 1116 1336 1192 ὧν

224 1238 283 1318 τῆς
305 1236 513 1315 κατασκευης
535 1232 734 1316 Θεόπομπος
761 1233 887 1317 ίστορεῑ
914 1232 1077 1319 (Mueller.
1101 1230 1141 1295 fr.
1165 1232 1206 1293 43
1230 1236 1296 1294 vol.
1320 1230 1337 1291 I

224 1358 256 1421 p.
277 1336 367 1421 285),
402 1334 434 1410 ἐξ
457 1323 506 1398 τόν
528 1330 679 1402 πιθανόν
700 1333 755 1398 καὶ
777 1327 883 1397 αύτόν
907 1332 1090 1415 ἐσχηκέναι.
1133 1332 1276 1412 πλησίον
1299 1327 1336 1393 δὲ

132 1485 141 1508 .
226 1431 345 1524 (Ῥγάρ)
378 1437 435 1516 τῆς
461 1438 656 1512 Μολοσσίας
681 1428 702 1518 ἡ
723 1428 869 1518 Ἰωλκός,
898 1431 934 1497 ἐν
959 1421 981 1520 ᾗ
1003 1427 1020 1496 ὁ
1041 1432 1094 1497 ἐπὶ
1115 1433 1221 1516 Πελία
1242 1424 1338 1512 άγών

223 1537 333 1620 ἐτέθη.
379 1535 511 1620 βέλτιον
540 1533 576 1600 δὲ
605 1537 732 1621 λέγειν,
765 1537 869 1620 φησλν
891 1530 910 1599 ὁ
932 1535 1119 1617 Δίδυμος
1146 1530 1183 1595 ἐν
1205 1533 1252 1619 τῷ
1273 1533 1335 1594 τού

225 1636 392 1721 δράματος
428 1635 624 1722 ἐξηγητικῷ,
659 1631 711 1701 ότι
739 1634 955 1723 παρήκουσεν
978 1629 1126 1718 Ὁμήρου
1158 1635 1335 1716 λέγοντος·

226 1739 381 1825 *πέμπτῳ
403 1732 437 1801 δ’
460 1731 651 1819 ἀμφίθετον
672 1736 799 1821 φιάλην
815 1733 996 1821 ἀπύρωτον
1011 1738 1156 1817 ἔθηκεν’
1178 1739 1225 1820 (Φ
1243 1736 1332 1818 270).

225 1842 318 1917 ἔδοξε
340 1837 404 1923 γὰρ
426 1835 563 1921 ἔκπωμα
585 1833 681 1922 εἶναι,
704 1839 831 1904 ἔστιδὲ
854 1844 1008 1922 χαλκεῖον
1032 1835 1215 1901 ἐκπέταλον
1233 1839 1336 1920 λεβη-

225 1942 328 2018 τῶδες
366 1940 557 2023 ἐπιτηδείως
589 1942 666 2023 ἔχον
695 1936 779 2024 πρός
811 1933 947 2005 ὑδάτων
979 1941 1119 2022 ψυχρῶν
1153 1929 1334 2018 ὑποδοχάς,

225 2035 442 2107 δακτυλωτὸν
469 2035 502 2105 δ’
530 2031 604 2105 οἷον
629 2040 742 2127 κύκλφ
763 2037 825 2124 την
844 2038 969 2125 φιάλην
992 2035 1170 2120 κοιλότητα
1191 2040 1335 2120 ἔχουσαν

227 2146 371 2209 ἔνδοθεν
394 2134 466 2207 οἷον
487 2139 683 2224 δακτύλων,
707 2135 728 2222 ἢ
752 2141 823 2210 ἐπεὶ
849 2145 1077 2225 περιείληπται
1099 2149 1168 2213 τοῖς
1188 2142 1258 2203 τῶν
1279 2161 1335 2204 πι-

225 2241 357 2308 νόντων
380 2241 568 2320 δακτύλοις.

312 2345 364 2408 cf.
383 2344 529 2431 Hesyeh.
545 2345 561 2407 Ι
576 2366 608 2429 p.
623 2345 694 2424 880,
717 2343 809 2407 euius
831 2344 941 2428 glossa
961 2338 1242 2411 δακτυλόδεικτον
1263 2364 1335 2444 μοι·

226 2450 309 2510 tinet
330 2446 372 2510 ad
389 2445 548 2531 Aeschyli
568 2444 703 2509 Edonos
727 2445 898 2531 (Wagner.
921 2443 939 2506 Ι
959 2468 991 2531 p.
1014 2447 1081 2533 30).

312 2731 423 2817 steph.
443 2731 525 2816 Byz.
549 2752 581 2815 p.
606 2733 677 2813 529,
700 2731 776 2794 5M.
802 2733 948 2794 πυκναία
974 2725 1065 2818 [παρ’
1079 2726 1197 2821 Ἴωνι]..
1224 2734 1335 2796 Δίδυ-

226 2857 287 2916 μος
308 2835 346 2897 δέ
367 2849 472 2915 φησιν
494 2826 566 2896 ’ὅτι
588 2826 650 2914 τὴν
671 2827 784 2895 πύκνα
802 2824 845 2895 άν
869 2836 919 2913 είη
941 2833 1080 2914 λέγων’.
1118 2831 1211 2896 Haeo
1232 2833 1335 2897 verba

226 2934 295 2997 sola
322 2932 459 3018 Didymi
490 2955 562 2998 esse
594 2935 756 3017 suspicor,
790 2952 985 3018 quamquam
1015 2935 1082 2998 scio
1109 2956 1202 2997 secus
1229 2935 1336 3000 videri

226 3033 402 3098 Meinekio.
447 3032 651 3096 Pertraetavi
673 3032 759 3095 hunc
781 3033 887 3096 locum
914 3035 948 3096 in
969 3042 1139 3098 comment.
1163 3034 1181 3097 Ι
1204 3035 1245 3098 de
1268 3036 1336 3099 lexi

225 3134 350 3215 tragica
370 3134 425 3219 (fr.
451 3133 515 3218 10).
544 3156 575 3218 p.
600 3135 650 3196 89.
720 3211 723 3218 .

749 3319 809 3397 11.

234 3486 237 3492 ·
309 3456 412 3534 Aliud
437 3456 574 3543 Didymi
603 3457 793 3542 opuseulum
822 3457 863 3520 ab
889 3457 1009 3522 Athen.
1039 3457 1124 3524 XIV
1154 3481 1186 3546 p.
1218 3459 1332 3524 634Ε

226 3556 435 3622 laudaturus
453 3557 537 3640 πρὸς
551 3551 651 3623 Ἴωνα
674 3552 920 3643 άντεξηγήσεις·
951 3557 1008 3622 καὶ·
1028 3553 1066 3634 δς
1088 3560 1168 3642 ἔφη,
1198 3561 1334 3624 Δίδυ-

225 3680 296 3740 μος
322 3651 340 3722 ὁ
367 3657 652 3743 γραμματικὸς
679 3656 721 3722 ἐν
744 3669 832 3734 ταῖς
853 3653 1082 3743 πρὸςἼωνα
1105 3655 1335 3742 άντεξηγη-

226 3775 361 3841 σεσιν,
383 3757 490 3842 έταίρε
506 3757 693 3843 Αἰμιλιανέ,
716 3756 861 3843 μάγαδιν
883 3754 999 3824 αἰκούει
1019 3753 1127 3824 αύλόν
1149 3754 1210 3824 τὸν
1233 3767 1335 3824 κιθα-

165 3883 168 3888 ·
225 3854 417 3942 ριστήριον,
450 3849 493 3922 ού
518 3858 744 3944 μνημονεύειν
764 3855 992 3942 Ἀριστόξενον
1021 3861 1059 3923 ἐν
1080 3884 1101 3923 α
1122 3859 1198 3944 περὶ
1220 3855 1336 3924 αύλων

197 4067 201 4074 ,
223 4014 419 4079 grammaticus
439 4017 529 4063 exstat
547 4029 591 4078 ap.
603 4014 686 4064 schol.
698 4013 982 4079 Arist.Vespp.1032,
1001 4013 1164 4080 quamquam
1176 4029 1232 4064 non
1243 4016 1335 4065 nescio

225 4099 368 4163 ingeniosa
387 4098 440 4149 hoe
458 4099 614 4148 coniectura
633 4100 777 4150 sustulisse
791 4099 923 4151 Valcken.
943 4100 977 4149 ad
996 4099 1112 4150 Theocr.
1131 4099 1220 4151 Adon.
1238 4116 1266 4164 p.
1286 4101 1334 4151 361

224 4183 374 4233 Bernhard.
392 4183 532 4234 Eratosth.
551 4199 579 4248 p.
590 4184 642 4234 218
654 4199 682 4235 n.
702 4183 735 4234 0.
755 4177 913 4235 Schneider.
932 4184 965 4233 de
978 4179 1263 4250 seh011.Arist.p.92.
1287 4186 1337 4235 Ρο-
1424 4208 1430 4220 ·

223 4269 289 4318 terit
303 4255 394 4320 tamen
411 4273 525 4334 uterque
542 4269 618 4319 loeus
637 4269 756 4333 compari
772 4270 909 4334 praesidio
927 4274 1020 4320 mutuo
1039 4283 1111 4320 esse.
