2752 4890
152 354 212 414 166
607 353 808 412 -Σ-

238 520 311 581 565.
344 510 404 580 ἐπ’
444 509 589 599 αὐτην·
620 512 709 600 παρά
738 512 917 601 Ζηνοδότφ
951 513 989 592 ἐς
1019 508 1186 598 αὐτήν,
1213 514 1269 580 καὶ

153 622 218 703 ἔχει
237 617 342 700 λόγον
362 611 383 700 ἡ
405 615 529 700 γραφη.
557 618 598 681 A.

238 720 310 782 568.
329 710 541 802 Ἀρίσταρχος
562 715 784 801 ταλάροισι
805 718 860 782 καὶ
881 721 1116 782 πλεκτοῖσι.
1139 717 1181 781 Α.

241 819 451 906 [μελιηδέα
472 819 650 904 καρπόν·
672 815 780 897 οὕτως
800 821 836 884 αί
849 814 1074 902 Ἀριστάρχου.
1094 819 1148 907 V.]

238 925 311 985 579.
334 916 423 1004 παρά
444 922 624 1011 Ζηνοδότφ
647 926 762 999 λίνος
783 915 816 986 δ’
837 913 917 984 ὑπὸ
939 913 1068 984 καλὸν
1090 915 1216 986 άειδε.
1239 922 1252 1008 ΙΙ

154 1018 232 1088 669
250 1017 459 1107 Ἀρίσταρχος
486 1020 643 1109 βούλεται
670 1019 714 1108 μὴ
743 1023 805 1107 την
826 1015 953 1105 χορδὴν
975 1019 1152 1106 λέγεσθαι,
1182 1017 1267 1089 ἀλλά

155 1127 252 1210 γένος
274 1148 305 1190 τι
330 1119 443 1209 ὕμνου
463 1121 522 1190 τὸν
545 1130 651 1209 λίνον,
675 1120 786 1210 οἵσπερ
811 1125 841 1190 εί
862 1123 971 1204 ἔλεγε·
1002 1126 1127 1188 παιᾶνα
1148 1113 1269 1210 ᾗδενῆ

155 1251 186 1291 τι
202 1229 368 1290 τοιοῦτον.
394 1223 446 1292 διὸ
463 1222 608 1313 ἡᾶιπλῆ.
626 1228 667 1291 A.
693 1227 901 1308 Ooaluerunt,
922 1226 957 1287 ni
971 1225 1077 1308 fallor,
1100 1225 1267 1313 Didymus

156 1336 189 1392 et
208 1326 427 1393 Aristonicum
450 1330 534 1394 Nam
553 1325 641 1412 παρά
653 1325 832 1414 Ζηνοδότφ
848 1326 1028 1412 Didymum
1043 1329 1139 1412 sapit.
1160 1328 1269 1392 Aliter

156 1431 258 1494 sensit
277 1431 486 1495 Friedlaend.
516 1454 548 1516 p.
572 1433 651 1513 2893
682 1451 809 1493 meeum
830 1429 1009 1492 Duentzer.
1032 1429 1155 1494 Zenod.
1180 1451 1212 1514 p.
1235 1433 1265 1492 4.

243 1533 316 1595 576.
347 1529 436 1615 παρά
454 1530 633 1621 Ζηνοδότφ
655 1533 676 1596 A
683 1527 724 1596 ιὰ
743 1526 943 1617 ραδαλόν·
970 1522 1049 1594 666
1067 1522 1268 1612 Ἀριστοφά-

157 1657 217 1716 νης
243 1629 350 1716 παρὰ
374 1630 568 1717 ῥαδαλόν.
610 1628 758 1717 ραἃαλόν
783 1629 820 1695 δὲ
844 1625 1030 1696 ἀκουστέον
1057 1625 1119 1695 τὸν
1142 1626 1266 1714 εὐκρά-

158 1737 283 1800 6αντον
307 1726 363 1797 δι’.
385 1726 482 1811 ὕψος.
529 1734 612 1818 φησὶ
640 1731 677 1798 δὲ
700 1728 1101 1817 Διονύσιοςμράφεσθαι
1123 1731 1179 1798 καὶ
1201 1735 1270 1799 ‹50-

159 1838 314 1918 υακηεν
346 1830 430 1899 κατά
461 1831 498 1899 τὸ
525 1830 721 1919 οὐδέτερον,
754 1827 799 1909 ὡς
828 1834 884 1899 καὶ
911 1830 972 1900 τὸν
1000 1837 1160 1900 πευκιὸνα
1188 1856 1269 1900 πευ-

157 1940 249 2002 κάεν.
271 1938 314 2002 A.

244 2041 316 2102 579.
361 2036 399 2102 ἐν
434 2040 475 2122 τῇ
508 2034 602 2123 ἑτέρᾳ
628 2040 697 2101 τῶν
723 2031 941 2121 Ἀριστάρχου
979 2036 1055 2103 δύο
1081 2033 1268 2123 πρώτησι

160 2137 316 2224 βόεσσι.
353 2132 444 2222 παρὰ
466 2135 503 2202 δὲ
522 2136 701 2227 Ζηνοδότφ
721 2140 881 2203 κυανέου
901 2136 943 2203 δὲ
965 2138 1121 2204 λέοντε.
1141 2140 1184 2202 Α.

243 2243 316 2305 581.
339 2237 410 2304 τὸν
432 2241 453 2304 A
459 2241 476 2304 ε’
482 2264 489 2279 ·
513 2235 603 2324 παρά
617 2236 796 2329 Ζηνοδότφ
816 2235 913 2318 τούς
933 2242 955 2305 6
961 2241 993 2325 έ,
1016 2236 1097 2317 τούς
1119 2239 1266 2324 λέοντας,

157 2337 196 2406 τὸ
217 2339 253 2406 δὲ
276 2341 425 2408 ἕλκετο
447 2343 547 2426 χυρλς
569 2345 629 2406 τοῦ
648 2367 670 2406 ι.
686 2343 727 2406 A.

245 2447 317 2508 592.
339 2438 547 2528 Ἀριάδνη·
571 2439 661 2528 παρά
683 2440 862 2530 Ζηνοδότφ
880 2437 1086 2529 Ἀριάδνη.
1109 2445 1152 2507 A.

245 2548 317 2609 597.
341 2547 415 2609 598.
438 2533 533 2611 οὗτοι
547 2543 584 2609 δὲ
651 2593 658 2608 .
674 2594 681 2608 .
696 2592 703 2606 .
727 2539 807 2608 οὐδὲ
822 2540 912 2629 παρά
924 2538 1157 2629 Ἀριστοφάνει
1172 2536 1266 2630 ἦσαν.

159 2648 200 2711 A.
237 2647 388 2714 Correxit
407 2647 531 2712 Friedl.
554 2647 700 2711 Ariston.
718 2669 750 2732 p.
778 2648 850 2710 290.

695 2826 734 2894 Τ.

153 2995 155 3000 ·
247 2956 295 3016 17.
329 2951 605 3036 ἐξεφάανθεν·
635 2947 743 3030 οὕτως
760 2947 984 3037 Ἀρίσταρχος,
1007 2946 1103 3017 ἀλλοι
1125 2950 1163 3016 δὲ
1182 2954 1270 3031 ἐξε-

160 3048 345 3136 φαάνθη.
378 3052 420 3118 A.

246 3156 297 3217 27.
321 3149 429 3232 οάτως
446 3149 656 3241 Ἀρίσταρχος
678 3151 735 3222 διά
756 3160 818 3221 τοῦ
840 3179 861 3237 η
880 3141 1026 3240 σαπήη.
1049 3158 1091 3219 A.

249 3254 312 3341 [30.
336 3249 553 3321 ἀλαλκεῖν·
569 3254 811 3343 Ἀριστοφάνης
831 3235 1074 3339 ἀλαλκέμέν.
1098 3257 1152 3344 V.]

161 3437 165 3444 ι
245 3360 297 3421 41.
320 3351 470 3442 ἥρωας·
491 3355 570 3441 παρ’
583 3353 814 3444 Ἀριστοφάνει
830 3351 1007 3444 καὶῬιανῷ
1026 3357 1207 3440 ἐρίηρας.
1227 3360 1267 3424 A.

246 3461 297 3523 56.
331 3460 369 3524 ἐν
399 3457 435 3524 δὲ
459 3465 499 3545 τῇ
523 3463 589 3548 Χία
608 3455 753 3544 ὄνειαρ
776 3455 975 3544 ἐγέγραπτο,
1004 3456 1042 3522 ἐν
1063 3462 1103 3544 τῇ
1128 3463 1270 3524 Μασσα-

161 3561 298 3646 λιωτικῇ
322 3553 512 3644 άμεινον.
535 3562 583 3648 A.

251 3660 314 3747 [62.
337 3663 536 3746 Χαμαιλέων
558 3659 595 3730 δὲ
619 3661 744 3749 γράφει
762 3661 1100 3745 ίπιμηνίσαντος.
1121 3662 1176 3749 V.]

248 3765 298 3825 76.
320 3756 429 3840 οὕτως
448 3759 658 3849 Ἀρίσταρχος
674 3760 730 3829 διά
752 3768 813 3829 τοῦ
835 3788 856 3828 ν
879 3759 1034 3829 ἀντίον.
1053 3766 1094 3828 A.

247 3867 298 3928 75.
325 3858 597 3944 ἀπειπόντος·
617 3862 828 3952 Ἀρίσταρχος
853 3867 914 3944 ἔξω
936 3869 998 3932 τοῦ
1020 3888 1038 3929 ο
1062 3858 1271 3930 ἀπειπόν-

66 3989 67 3994 ’
161 3988 249 4051 τος,
272 3966 386 4031 καλαί
405 3970 551 4043 πλείους.
574 3969 616 4033 A.

247 4072 298 4131 ετ.
322 4072 374 4132 77.
396 4068 483 4157 vida
504 4094 536 4156 p.
560 4074 630 4135 116.

247 4171 297 4231 79.
332 4162 527 4234 ἀκούειν·
562 4166 671 4247 οὕτως
689 4166 916 4254 Ἀρίσταρχος,
945 4160 1041 4232 ἀλλοι
1063 4162 1101 4232 δὲ
1123 4162 1273 4233 ἀκουέ-

161 4290 245 4350 μεν.
268 4268 310 4332 Α.
