2812 4868
130 337 170 398 28

129 503 164 566 οί
180 497 217 566 δὲ
239 497 297 577 τὰς
319 496 467 585 κωμικὰς
489 502 558 588 cocu
580 500 635 565 καί
657 497 715 578 τὰς
737 500 912 585 τραγικὰς,
935 494 1087 576 ύςΘέαν
1109 503 1240 568 καὶΛί-

128 605 234 688 δυμος
255 603 310 670 καὶ
332 601 437 687 ἕτεροι
461 609 622 687 sororium,
643 602 829 668 Meinekius
852 604 965 668 statuit
987 605 1020 667 iu
1044 614 1169 691 quaest.
1190 628 1236 670 sc.

128 707 274 792 111p.·5,
297 729 394 793 quem
415 705 539 791 Bergk.
562 707 596 769 iu
619 727 734 770 comm.
758 705 799 770 ds
819 705 934 792 reliqq.
958 705 1039 772 com.
1061 706 1130 771 Att.
1148 730 1181 794 p.
1197 713 1238 773 66

128 810 288 896 sequitur,
309 811 394 875 iusto
416 809 478 874 hoc
496 808 628 895 quidem
652 808 754 872 fretus
776 814 917 890 auctore,
936 815 972 872 ut
989 808 1129 892 videtur,
1151 810 1239 895 cupi-

129 911 212 976 dius.
246 912 407 976 Ita'enim
426 911 481 976 hic
500 911 590 977 locus
612 918 818 997 comparatus
841 911 900 992 est,
923 919 959 975 ut
976 933 1018 974 na
1032 910 1094 976 hoo
1109 911 1241 998 quidem

128 1013 278 1096 dignosci
305 1015 425 1100 possit,
454 1021 562 1077 utrum
580 1006 771 1099 Hesychius
792 1011 930 1098 Didymi
955 1011 1126 1106 adsiduam
1151 1013 1240 1078 illam

128 1122 225 1200 atque
254 1115 395 1178 ferream
426 1114 619 1178 iudustriam
652 1115 783 1178 omuino
817 1114 852 1177 in
882 1114 989 1178 lexico
1016 1116 1139 1179 comico
1166 1137 1240 1183 con·

130 1216 236 1281 dendo
258 1218 398 1302 positam
420 1216 524 1280 fuisse
547 1215 643 1300 dicat,
666 1238 709 1279 an
731 1218 959 1282 tortuosiorem
983 1216 1146 1304 quandam
1170 1241 1241 1284 ver-

128 1316 244 1382 borum
264 1324 459 1382 structuram
478 1325 671 1402 aucupatus,
692 1319 803 1403 priora
825 1317 882 1380 illa
900 1318 1003 1382 verba
1020 1313 1078 1394 τὰς
1093 1314 1241 1402 κωμικὰς

128 1420 171 1484 ad
193 1409 499 1501 Theonem'solum,
524 1420 722 1504 posteriora,
745 1442 827 1506 quae
847 1429 1013 1506 tamquam
1034 1442 1076 1484 ex
1090 1419 1239 1494 adverso

128 1529 301 1608 ponuntur,
323 1516 381 1596 τὰς
401 1516 569 1603 τραγικὰς,
592 1520 635 1585 ad
654 1522 750 1585 unius
763 1521 901 1608 Didymi
921 1523 1111 1586 memoriam
1122 1522 1238 1586 referri

130 1621 285 1687 voluerit:
310 1643 451 1710 namque
464 1617 636 1704 τραγικὴν
660 1623 749 1700 λέξιν
770 1622 923 1709 Didymi,
942 1645 1023 1709 opus
1046 1624 1241 1709 spatiosissi-

129 1747 217 1789 mum
223 1721 237 1808 ‚'
259 1724 393 1789 laudant
415 1724 608 1810 Harpocrat.
635 1729 710 1810 134,
734 1727 752 1786 2
772 1725 881 1790 Bekk.
905 1733 937 1789 et
965 1724 1074 1789 Bekk.
1102 1725 1240 1790 anecdd.

129 1851 161 1914 p.
184 1830 260 1910 349,
282 1831 312 1891 6.
358 1826 423 1891 Sed
444 1849 487 1890 ne
509 1827 707 1891 comicorum
729 1827 860 1914 quidem
881 1825 1116 1892 vocabulorum
1137 1827 1241 1913 supel-

129 1927 271 1993 lectilem
296 1929 480 2014 neglectam
502 1928 734 2016 disiectamque
757 1930 863 1992 iacere
885 1928 1030 1993 voluisse
1050 1923 1241 2016 Didymum)

130 2029 165 2093 id
194 2029 281 2116 quod
305 2051 347 2092 ex
367 2029 526 2116 Hesychii
551 2030 662 2095 verbis
693 2030 762 2095 erui
790 2030 880 2094 nulla
906 2038 975 2094 arte
1002 2038 1123 2116 potest,
1157 2032 1242 2096 forte

130 2132 262 2206 fortuna
283 2131 369 2196 Orus
391 2132 540 2197 Milesius
569 2141 681 2197 auctor
703 2134 918 2217 gravissimus
940 2132 1027 2196 edite
1049 2140 1187 2196 testatur
1208 2134 1242 2196 in

130 2242 172 2299 st.
186 2255 265 2298 msc.
276 2233 357 2298 bibl.
371 2256 440 2319 reg.
453 2257 505 2320 ap.
518 2235 651 2298 Ruhnk.
665 2236 699 2298 in
711 2236 815 2321 praef.
829 2236 870 2299 ad
882 2235 962 2300 Hes.
975 2257 1006 2320 p.
1021 2234 1082 2298 IX.
1098 2233 1240 2320 καρύκη]

131 2330 149 2400 ὁ
171 2333 208 2399 δὲ
230 2323 428 2417 Δίδυμος
449 2330 580 2400 Λύδιον
609 2331 727 2419 βρῶμά
755 2353 860 2418 φησιν
880 2373 924 2387 »-
947 2334 1030 2418 φησί
1050 2331 1113 2419 γὰρ
1133 2335 1175 2400 ἐν
1197 2341 1244 2424 τῇ

131 2439 293 2522 κωμικῇ
316 2435 425 2514 λέξει
443 2435 480 2501 ἐκ
500 2441 706 2514 πολυτελοῦς
725 2441 904 2514 σκευασίας
921 2439 1153 2520 συγκείμενον·
1176 2437 1241 2521 ἐγω

131 2533 167 2602 δὲ
202 2541 261 2625 (sc.
284 2538 385 2625 Orus)
406 2533 512 2622 οἶμαι
538 2537 603 2604 κτὲ.
638 2539 712 2604 coll.
742 2539 813 2604 cod.
843 2541 918 2604 Par.
945 2541 1027 2604 2630
1055 2535 1107 2626 ap.
1132 2541 1241 2606 Bekk.

130 2642 268 2707 anecdd.
290 2642 344 2706 III
369 2645 459 2726 1386,
483 2643 589 2729 quode
609 2643 647 2707 F.
670 2643 827 2708 Ritschel.
852 2643 894 2708 de
915 2643 982 2708 Oro
1003 2665 1035 2729 p.
1060 2646 1111 2708 70.
1135 2652 1176 2707 et.
1199 2669 1242 2709 m.

131 2747 202 2828 492,
226 2747 277 2808 52.
300 2739 518 2828 Καρύκκη·
532 2738 665 2828 Ἕιγημὰ
686 2768 717 2808 τι
739 2739 785 2810 δι’
810 2746 947 2828 αἵματος
965 2743 1020 2810 καὶ
1042 2739 1244 2828 ὰρτυμὰτων

131 2849 310 2911 παντοίων.
348 2840 365 2909 ὁ
388 2845 424 2910 δὲ
448 2847 599 2929 Δίδυμος
622 2844 751 2914 Λύδιον
774 2843 893 2932 βρωμὰ
914 2864 1019 2929 φησιν
1041 2844 1077 2910 ἐκ
1100 2847 1244 2912 πολυτί-

132 2953 212 3023 λους
231 2950 409 3023 σκευασίας
436 2950 673 3031 συγκείμενον·
714 2946 778 3031 ἐγώ
805 2945 842 3012 δὲ
869 2942 960 3030 οίμαι
992 2943 1144 3032 καρύκην
1167 2948 1244 3034 (sio)

131 3042 214 3112 αὐτὰ
238 3046 406 3130 λέγεσθαι,
429 3046 542 3132 ἐπειδὴ
566 3050 668 3132 μέλαν
690 3048 767 3113 ἐστί.
799 3053 888 3133 Φησί
907 3044 971 3133 γὰρ
995 3049 1032 3113 ἐν
1054 3052 1095 3134 τῇ
1114 3053 1244 3134 κωμικῇ

131 3150 217 3227 λέξει
245 3142 351 3212 οὕτω·
385 3149 595 3234 εΚαρύκιον,
622 3152 836 3236 καρυοβαφίς
861 3149 916 3216 καὶ
943 3149 1069 3234 κὰρυος
1090 3149 1186 3236 ῥόος·
1225 3145 1243 3214 ὁ

132 3250 233 3336 μέλας
259 3246 361 3333 ῥόος.’
408 3246 547 3317 Οὐκοῦν
575 3251 611 3317 ἐκ
634 3251 759 3317 τούτου
788 3247 879 3336 οἶμαι
902 3252 1060 3335 λέγεσθαι
1078 3249 1242 3344 καρύκην.

133 3362 175 3417 et.
201 3350 287 3416 (tud.
316 3355 395 3434 301,
418 3355 457 3416 37
487 3353 524 3418 ἐν
555 3358 601 3443 τῷ
625 3360 760 3444 κωμικῷ
794 3357 839 3444 (h.
869 3378 897 3420 e.
928 3355 1069 3442 λεξικῷ).
1114 3353 1246 3418 Videsis

132 3462 302 3541 praeterea
329 3452 448 3521 Athen.
479 3457 550 3522 XII
580 3462 642 3524 516
670 3459 763 3524 Phot.
795 3461 902 3540 134,4
932 3457 1022 3522 Suid.
1046 3455 1082 3520 II
1110 3460 1180 3541 lp.
1205 3459 1245 3520 85

135 3553 255 3620 Bernh.
286 3554 326 3619 L.
354 3555 490 3623 Bachm.
524 3561 661 3626 anecdd.
686 3562 747 3625 268
781 3560 884 3624 Moer.
918 3558 987 3621 Att.
1015 3559 1093 3640 200,
1123 3560 1162 3620 34
1194 3558 1245 3621 cd.

133 3656 243 3720 Bekk.
263 3657 411 3724 Erotian.
436 3663 512 3746 264,
534 3668 553 3728 6
576 3663 692 3728 Galen.
712 3663 768 3727 lex
788 3662 945 3747 Hippocr.
968 3661 1031 3722 492
1054 3653 1109 3723 ed.
1127 3658 1245 3722 Franz.

134 3758 242 3823 Schol.
273 3758 409 3826 Lucian.
438 3763 504 3829 vol.
532 3765 582 3830 IV
610 3787 642 3851 p.
672 3769 711 3828 51
743 3763 794 3828 ed.
827 3761 936 3826 Iaobu.
963 3755 1108 3847 Hesych.
1139 3759 1157 3822 l.
1187 3764 1245 3824 157

134 3859 275 3945 καρύκη.
308 3861 493 3947 καρυμνόν.
526 3869 726 3950 καρυχρούς.
760 3865 959 3949 Theognost.
985 3861 1021 3925 Il
1048 3883 1080 3947 p.
1111 3865 1185 3942 110,
1209 3865 1244 3924 11

135 3963 279 4030 Cramer.
302 4003 345 4016 -
365 3966 496 4032 Martin.
527 3992 559 4054 p.
583 3972 644 4033 387
678 3968 824 4032 Nunnes.
853 3965 896 4030 ad
926 3965 1049 4051 Phryn.
1082 3987 1114 4050 p.
1146 3966 1187 4028 69
1218 3963 1245 4027 I.

133 4067 271 4132 Pierson
291 4066 394 4132 Moer.
417 4091 449 4154 p.
470 4069 567 4134 22οΒ
601 4069 639 4132 F.
660 4069 773 4154 Poppo
796 4068 839 4132 ad
860 4066 946 4132 Xon.
971 4065 1050 4152 Oyr.
1072 4063 1158 4130 VIII
1177 4045 1245 4148 3‚'3

135 4169 178 4234 A.
199 4168 344 4234 Meinek.
366 4170 520 4235 Menand.
542 4193 575 4256 p.
601 4174 672 4234 179.

220 4268 312 4352 Quae
329 4293 403 4337 cum
424 4273 471 4338 ita
492 4273 566 4356 sint,
588 4292 745 4358 perquam
767 4271 846 4335 sane
865 4267 1023 4334 credibile
1043 4274 1105 4351 est,
1125 4266 1247 4352 Dioge-
