2894 4890
209 103 268 168 182

206 270 364 334 τοιοῦτον
396 260 496 330 εἶναι·
532 265 569 331 έν
591 264 628 330 δὲ
652 266 788 330 πολλῶν
815 257 950 344 ἀνδρῶν
975 255 1079 348 ὁμίλῳ
1109 263 1179 337 ποδς
1207 256 1251 325 ἄν
1271 285 1321 338 τις

207 363 316 446 οὕτως
342 364 512 452 χρεόμενος
540 358 560 450 ἢ
586 370 674 431 είποι
704 357 819 448 ἢποδς
847 365 882 428 οί
906 358 1090 439 ἀκούοντες
1119 355 1321 440 ἀνοόσειανη

207 465 316 548 οὕτως
338 471 539 565 Δίδυμος.

737 554 786 614 13.

294 671 401 737 Sohol.
431 671 473 734 ad
500 671 541 736 Il.
572 674 602 734 Τ
627 673 667 734 90
695 663 822 750 τὴνδέ
849 661 917 732 διό
947 660 964 730 ὁ
997 662 1060 749 μὲν
1081 657 1325 744 Ἀσκαλωνίτης

208 769 374 859 περισσὴν
392 765 535 855 ἡγεῖται,
559 765 577 835 ό
599 769 636 835 δέ
657 771 846 853 Δίδυμος
869 768 1043 850 σημαίνειν
1065 761 1103 829 τό
1126 760 1256 846 διόλου,
1280 756 1326 838 ὡς
1430 845 1431 848 ¹

210 877 266 942 καὶ
302 876 468 956 διαλείτης
494 872 550 960 (al.
578 871 759 957 διηλίτης),
787 864 804 933 ὁ
835 867 953 934 διόλου
975 863 1195 953 ἁμαρτάνων,
1225 857 1248 947 ἢ
1276 858 1322 927 δι’

148 995 152 1002 ’
196 975 331 1062 έαυτης
353 974 461 1042 πάντα
483 979 579 1038 τελεῖ.
603 973 642 1036 Β.
745 1059 781 1117 14

297 1177 406 1243 Schol.
428 1173 470 1239 ad
492 1174 533 1238 Il.
561 1179 591 1238 Τ
611 1177 669 1238 116
692 1166 846 1254 όιλοχου
869 1167 1106 1234 Σθενέλου·
1136 1168 1327 1249 Δίδυμος

214 1282 433 1363 παρατίθεται
461 1271 659 1356 Φερεκύδην
687 1271 749 1357 μὲν
780 1272 921 1354 λέγοντα
949 1264 1057 1353 αὐτὴν
1085 1264 1147 1351 τὴν
1171 1267 1327 1343 Πέλοπος

210 1374 402 1463 Ἀμφιβίαν.
435 1368 590 1450 Ἡσίοδος
612 1374 648 1438 δὲ
667 1369 835 1457 Ἀρτιβίαν
856 1366 1033 1458 [Ἀντιβίαν
1053 1369 1108 1456 V.]
1129 1363 1190 1451 τὴν
1206 1363 1327 1451 Ἀμφιὲ

214 1477 381 1562 δόμαντος
411 1471 643 1556 ἀποφαίνεται.
675 1474 749 1539 AV.
785 1473 837 1538 Of.
865 1461 1208 1556 tamen'subsequens
1235 1469 1328 1532 scho-

214 1580 309 1661 lium,
330 1577 418 1642 unde
439 1584 575 1662 apparet
597 1575 658 1640 sub
676 1571 829 1651 Ἡσίοδος
850 1574 968 1639 vitium
988 1569 1101 1636 latere.

746 1764 796 1823 15.

301 1877 409 1943 Schol.
433 1878 530 1941 Hom.
554 1877 594 1941 Il.
613 1882 647 1941 X
668 1880 738 1942 126.
760 1879 778 1939 7
800 1900 832 1964 p.
855 1877 916 1939 592
938 1873 1047 1938 Bekk.
1069 1867 1132 1936 οόκ
1155 1872 1242 1956 έστι,
1261 1896 1329 1955 φη-

215 1981 286 2063 σίν,
314 1972 474 2063 ἄντικρυς
493 1971 666 2061 Ἀχιλλέως
694 1980 902 2062 διηγεῖσθαι,
930 1968 1070 2051 ὁποίους
1098 1964 1141 2038 όν
1161 1972 1329 2056 παρθένοι

216 2079 272 2145 καί
301 2074 424 2163 ἠίθεοι.
472 2080 507 2143 οί
535 2074 600 2162 γὰρ
630 2077 764 2143 παλαιοὶ
796 2071 835 2141 wi
871 2073 1070 2158 έκτιθέμενα
1098 2071 1208 2159 βρέφη
1241 2072 1330 2154 παρὰ

216 2179 337 2265 δρυσὶν
358 2173 379 2262 ἢ
402 2177 537 2262 πέτραις
560 2173 773 2264 εὑρίσκοντες
793 2175 945 2262 ἐνόμιζον
973 2175 1010 2240 έκ
1033 2173 1165 2241 τούτων
1186 2179 1329 2258 μεμενη-

217 2286 309 2345 σθαι.
360 2277 396 2342 έκ
424 2273 583 2342 τοιοότου
609 2275 646 2343 δέ
676 2279 806 2363 ἐγένετο
837 2273 857 2364 ἡ
894 2273 1073 2359 ὑπόληψις.
1096 2277 1109 2364 11
1132 2278 1168 2340 οί
1194 2275 1330 2356 παλαιοὶ

216 2380 389 2468 νομαδικρδ
416 2377 561 2461 ἐχρῶντο
588 2381 635 2466 τῷ
662 2383 723 2466 βίῳ
752 2382 858 2457 οίκίας
885 2377 1021 2463 μηδέπω
1046 2375 1253 2460 κεκτημένοι.
1298 2379 1333 2442 αί

217 2468 281 2544 οὖν
305 2488 463 2563 μυναίκες
487 2480 659 2544 τίκτουσαι
684 2478 721 2542 έν
748 2491 817 2557 τοῖς
842 2475 957 2564 ὄρεσιν
984 2473 1051 2546 ὑπὸ
1075 2475 1116 2543 τὰ
1137 2475 1329 2562 κοιλώματα

217 2579 287 2644 τόν
307 2579 440 2662 πετρῶν
462 2577 518 2643 καὶ
540 2580 656 2661 δρυῶν
679 2631 686 2644 .
711 2631 718 2643 .
742 2631 749 2643 .
774 2573 986 2664 εὑρίσκοντες
1004 2579 1044 2644 δι’
1063 2597 1152 2655 τινες
1173 2581 1329 2662 νομίζον-

217 2702 271 2756 τες
299 2679 432 2742 έκεδθεν
460 2668 665 2762 γεγενῆσθαι
691 2676 887 2765 ἀνέτρεφον.
935 2675 955 2764 ἡ
985 2682 1113 2764 ίστορία
1145 2674 1236 2761 παρὰ
1264 2685 1330 2744 Δι-

218 2775 324 2865 δόμῳ.
348 2779 453 2843 ΑΒΙ).
488 2778 539 2842 Of.
559 2779 680 2867 Odyss.
700 2805 718 2844 τ
743 2785 801 2846 163
825 2805 853 2846 ο.
873 2781 991 2865 sehol.,
1022 2781 1123 2845 schol.
1146 2781 1275 2846 Platon.
1295 2803 1327 2867 p·

218 2883 280 2943 414
305 2877 415 2943 Bekk.
437 2877 562 2961 Unger.
583 2880 697 2963 parad.
723 2879 827 2946 Theb.
850 2906 883 2968 p.
906 2887 967 2947 443
990 2905 1015 2948 s.
1028 2905 1060 2946 v.
1077 2881 1223 2968 Odrysii.

750 3070 799 3130 16.

304 3177 412 3243 Schol.
442 3179 485 3244 ad
517 3177 557 3244 Il.
591 3183 625 3244 11
658 3183 719 3243 640
752 3177 944 3266 Δίδυμός
979 3195 1101 3266 φησιν,
1135 3171 1187 3244 ότι
1221 3177 1329 3268 χόρτῳ

220 3273 295 3344 ἀντὶ
320 3280 451 3362 τειχίων
473 3277 629 3364 ἐχρῶντο.
652 3277 694 3343 V.

303 3377 396 3442 Haeo
432 3379 575 3445 sedecim
616 3399 633 3443 e
661 3377 799 3464 Didymi
830 3382 865 3444 in
897 3379 1036 3445 Iliadem
1067 3382 1331 3468 hypomnematis

218 3481 403 3565 fragmenta
422 3489 606 3565 supersunt,
629 3477 747 3567 quibus
769 3483 909 3544 auctoris
930 3501 1049 3546 nomen
1065 3491 1114 3546 esi
1135 3484 1329 3569 appositum,

220 3578 278 3643 sed
310 3578 361 3642 his
392 3577 489 3663 longe
519 3575 615 3667 plura
646 3581 681 3644 in
714 3579 847 3644 scholiis
868 3579 1005 3646 Venetis
1044 3580 1146 3652 latere
1181 3605 1248 3646 non
1280 3593 1331 3648 est

219 3679 308 3766 quod
328 3699 527 3748 moneamus.
555 3681 718 3767 Equidem
739 3679 820 3742 mihi
842 3679 976 3745 dubium
998 3690 1147 3764 nonest,
1167 3683 1246 3769 quin
1267 3683 1332 3748 1οοὶ

219 3779 262 3843 ad
279 3801 381 3842 unum
401 3801 529 3862 omnes,
558 3780 676 3866 quibus
698 3782 734 3843 in
757 3779 823 3844 fine
846 3781 993 3845 additum
1016 3781 1136 3866 legitur
1156 3776 1177 3864 ἡ
1200 3784 1331 3868 ἱστορία

220 3873 310 3961 παρὰ
340 3880 386 3964 τῷ
405 3879 517 3962 δείνα,
548 3899 610 3943 neo
637 3901 702 3944 non
730 3881 769 3961 ii,
802 3879 838 3942 in
871 3879 990 3966 quibus
1012 3881 1196 3946 Aristarohi
1225 3885 1331 3961 λέξεις

219 3987 527 4060 commemorantur,
548 3979 694 4066 Didymo
714 3989 826 4045 nostro
847 3981 1008 4064 originem
1029 3981 1181 4046 debeant.
