2858 4882
1147 338 1209 402 383

101 503 208 590 τομὴν
228 508 296 570 τῶν
315 497 533 587 Ἡρακλείδου
557 505 683 588 λεσχῶν
699 527 757 592 pro
780 509 849 570 τῶν
861 498 1100 590 Ἡρακλέωνος.
1133 507 1212 572 For·

100 619 188 674 tasse
217 607 359 673 scribam
382 607 613 692 imperitiorem
644 605 764 670 fefellit
796 608 1033 694 compendiosa·
1052 611 1214 695 scriptura

101 747 170 808 τῶν
187 704 400 825 Ἡρακῖὃλεῖ.
445 742 486 806 V.
509 742 600 805 Bast.
624 740 747 805 Comm.
770 741 937 827 palaeogr.
958 766 991 829 p.
1015 744 1073 806 881
1098 765 1146 829 sq.

186 845 250 908 His
274 844 432 930 expositis
462 851 624 930 superest,
651 850 687 906 ut
709 844 902 907 sententiam
930 866 1038 908 meam
1058 845 1212 930 aperiam,

103 947 264 1033 quomodo
288 947 430 1031 potuerit
459 945 531 1008 fieri
567 952 602 1004 ut
625 942 791 1028 Didymus
826 945 861 1006 in
889 945 1101 1031 symposiacis
1129 969 1213 1033 sym-

102 1049 208 1111 mistis
246 1049 289 1134 (si
316 1069 398 1134 qnae
427 1045 573 1130 fuerunt)
602 1045 643 1107 sr.
670 1044 713 1107 *8
741 1045 783 1107 ad
805 1043 1036 1131 Aristophanis
1060 1047 1214 1133 Byzantii

104 1146 179 1230 περὶ
207 1139 387 1232 ὀνομασίας
418 1141 559 1229 ἡλικιῶν
591 1154 765 1210 tractatum
775 1145 798 1226 ¹)
835 1145 1025 1212 deferretur.
1082 1149 1214 1213 Poterat

102 1273 179 1314 vero
203 1273 254 1314 me
284 1250 391 1314 iudice
414 1249 581 1335 aptissime
601 1246 656 1310 vel
678 1269 715 1311 eo
738 1246 826 1328 loon,
860 1270 955 1333 quem
975 1250 1213 1335 pertractandis

103 1351 230 1415 Solonis
243 1351 341 1415 rebus
361 1351 594 1436 sententiisque
610 1349 841 1431 destinaverat,
862 1349 916 1413 vel
932 1352 958 1413 si
975 1373 1038 1437 quo
1054 1353 1159 1437 rapite
1172 1352 1212 1414 de

102 1475 236 1516 numero
255 1453 439 1539 septenario
457 1451 616 1538 exposuit,
639 1472 676 1514 eo
700 1471 952 1515 commemorare
968 1451 1096 1516 Solonis
1115 1454 1212 1516 etiam

103 1553 225 1638 elegias
248 1553 332 1635 illas,
355 1555 496 1618 fortasse
518 1552 764 1638 suppositicias,
788 1552 823 1614 in
838 1551 958 1638 quibus
976 1562 1117 1617 aetatum
1136 1576 1213 1640 quo-

102 1677 164 1740 que
186 1657 381 1720 mutationes
400 1678 459 1741 per
479 1653 696 1741 septenarium
712 1653 784 1716 fieri
800 1655 942 1719 carmine
959 1657 1214 1720 demonstratum

103 1763 162 1818 est.
209 1755 261 1820 Cf.
292 1756 396 1820 Clem.
424 1755 522 1819 Alex.
548 1755 598 1818 VI
625 1779 657 1841 p.
681 1757 742 1818 494
764 1754 836 1819 ΑΒ.
868 1754 946 1843 (Th.
965 1755 1089 1840 Bergk.
1112 1756 1212 1821 PLG.

102 1879 134 1942 p.
157 1860 218 1921 346
248 1859 298 1922 ed.
331 1857 413 1921 afr.
436 1858 503 1943 27).
547 1858 656 1943 Atque
684 1855 844 1941 singulari
873 1857 1012 1942 quodam
1042 1859 1147 1945 capite
1172 1859 1222 1923 abv

103 1967 234 2023 auctore
260 1968 372 2025 nostro
395 1960 571 2046 septenarii
595 1959 721 2022 numeri
749 1959 886 2022 virtutes
914 1961 1119 2045 praedicatas
1142 1983 1214 2026 esse

102 2061 289 2125 verosimile
311 2069 360 2124 est
382 2060 500 2125 collato
521 2059 646 2146 Hygin.
669 2058 824 2124 CCXXI.
849 2060 894 2124 II.
914 2060 977 2143 III,
999 2063 1053 2147 qui
1074 2064 1214 2149 primum

104 2171 228 2248 septem
255 2163 419 2247 sapientes
443 2185 480 2226 eo
505 2182 568 2248 quo
588 2170 699 2225 noster
726 2159 850 2243 ordine,
874 2161 992 2225 deinde
1017 2172 1139 2248 septem
1167 2163 1214 2250 ly-

102 2265 198 2345 ricos,
221 2271 384 2349 postremo
406 2271 529 2348 septem
552 2283 651 2348 opera
669 2257 895 2327 memorabilia
912 2272 1070 2327 recenset.
1099 2262 1214 2351 Neque

48 2359 49 2362 ¹
103 2365 239 2429 offendit
276 2366 310 2428 in
349 2364 389 2428 fr.
424 2364 473 2427 *9
509 2363 657 2427 additum
689 2362 885 2428 vocabulum
922 2357 940 2429 ὁ
976 2362 1214 2451 γραμματικός,Ι

104 2488 177 2531 cum
200 2466 318 2531 Suidas
342 2474 479 2530 testetur
497 2467 655 2529 musicum
679 2467 776 2529 etiam
793 2465 1085 2554 philosophumque
1110 2468 1215 2555 Didy-

103 2590 209 2650 mum,
243 2567 431 2632 Heraclidis
458 2567 575 2649 filium,
609 2567 733 2631 clarum
756 2573 1003 2652 grammaticum
1026 2570 1144 2652 fuisse,
1176 2591 1215 2634 ac

103 2692 260 2756 perquam
289 2668 447 2733 credibile
475 2670 518 2732 sit
549 2668 751 2733 Clementem
778 2669 859 2733 haec
880 2669 982 2734 verba
1010 2693 1049 2745 eo
1079 2671 1214 2736 consilio

103 2773 310 2857 apposuisse,
343 2778 380 2832 ut
401 2771 488 2834 hunc
509 2770 701 2858 Didymum,
725 2756 872 2858 quisquis
896 2773 925 2834 is
949 2781 1027 2856 erat,
1050 2774 1091 2838 ab
1113 2772 1214 2836 Arcio

104 2871 248 2957 Didymo
270 2869 464 2958 philosopho
487 2870 712 2958 distingueret.
743 2873 911 2956 insignem
932 2896 1011 2939 vero
1034 2874 1215 2938 doctrinam

104 2975 138 3037 in
160 2975 301 3056 homine,
324 2972 463 3058 Didymi
488 2971 696 3038 Chalcenteri
718 2983 858 3038 sectator
878 2977 934 3062 qui
955 2976 1018 3040 fuit
1043 2977 1215 3064 prolesque

104 3075 291 3139 Heraclidis
312 3075 451 3160 Didymi
472 3076 696 3159 amantissimi,
719 3099 784 3142 non
806 3085 856 3141 est
878 3079 966 3165 quod
985 3080 1150 3144 miremur.
1174 3119 1216 3128 -—

106 3177 195 3240 Cave
220 3177 360 3262 denique
382 3198 423 3240 ne
437 3177 499 3239 hoc
514 3187 705 3262 argumento
728 3187 840 3243 contra
853 3179 1216 3266 Didymum'iuniorem

106 3288 214 3360 utare,
247 3277 333 3364 quod
365 3277 406 3341 fr.
435 3278 486 3341 *9
512 3288 624 3343 auctor
650 3278 799 3344 Neanthe
828 3281 992 3369 Cyniceno
1027 3292 1110 3348 teste
1136 3307 1215 3348 usus

105 3381 148 3443 sit
170 3401 190 3442 a
213 3378 427 3444 Chalcentero
450 3382 579 3478 saepius
601 3379 759 3445 adhibito.
786 3382 923 3470 Scripsit
944 3387 1029 3449 enim
1049 3386 1216 3450 Neanthes
1336 3443 1338 3447 .

106 3489 138 3543 et
160 3478 236 3563 περὶ
256 3484 509 3564 Πυθαγορικῶν
534 3490 566 3544 et
588 3479 664 3563 περὶ
685 3486 837 3568 τελετῶν,
862 3507 879 3547 e
901 3486 1019 3571 quibus
1039 3485 1131 3550 libris
1146 3486 1215 3573 phi·

105 3580 275 3667 losophum
304 3584 447 3646 musicae
476 3585 583 3648 studio
614 3584 773 3648 imbutum
800 3586 1019 3650 verosimilius
1043 3597 1093 3651 est
1109 3588 1216 3672 profe-

106 3684 205 3765 cisse,
236 3706 333 3769 quam
354 3686 601 3770 grammaticum
622 3685 894 3750 Alexandrinum.
940 3687 977 3751 C.
1001 3688 1151 3751 Mueller.
1173 3687 1214 3750 fr.

105 3783 194 3847 histt.
217 3784 275 3848 Gr.
299 3785 363 3851 vol.
388 3785 442 3848 III
464 3810 495 3873 p.
520 3791 538 3850 5
558 3811 628 3874 sqq.

179 4025 204 4092 l)
233 4027 266 4076 In
288 4027 348 4077 cod.
372 4027 477 4078 Bodlei.
505 4029 569 4079 olim
591 4029 702 4105 Meerm.
726 4029 806 4080 Auct.
828 4029 857 4079 11
883 3995 910 4080 ll
939 4030 988 4082 fol.
1007 4033 1040 4084 78
1062 4047 1089 4082 v.
1109 4034 1218 4081 exstant

106 4099 234 4177 ὀνόματα
252 4110 309 4162 τῶν
328 4110 559 4178 μεθηλικιῶσεων
575 4113 628 4164 τοῦ
646 4107 816 4180 delicularum
841 4108 965 4166 Ἡλικιάι
983 4115 1036 4167 τοῦ
1047 4109 1217 4182 ἄνθρῶκον.

39 4217 43 4226 «
106 4196 254 4262 Διαφοραὶ
278 4192 398 4264 ἡλικιῶν
421 4193 493 4250 κατὰ
512 4195 626 4259 πλάτος.
664 4202 705 4253 Cf.
727 4204 817 4253 Crem.
836 4204 952 4258 aneedd.
971 4206 1034 4255 Par.
1053 4206 1092 4254 IV
1109 4220 1135 4268 p.
1157 4205 1215 4264 177,

109 4287 144 4335 26
165 4303 207 4350 sq.
