2866 4882
229 322 290 385 sss

228 489 342 554 deesse
363 487 478 570 voluit,
499 488 646 575 quisquis
670 495 850 554 auctorest
871 490 973 556 schol.
995 493 1037 556 ad
1046 491 1135 559 Plut.
1151 497 1243 575 1037,
1268 516 1343 558 cum

227 593 308 656 dicit
329 593 490 655 κοσκίνου
512 587 636 667 κύκλος
658 584 679 675 ή
699 589 792 668 σανὶς
814 598 960 677 πλατεῖα,
983 589 1032 676 ἐφ’
1057 584 1097 678 ής
1118 589 1243 677 ὑλφιτα
1265 617 1343 658 ποι-

227 697 343 775 οῦσιν,
371 692 408 756 ἐν
431 689 467 755 δὲ
489 695 536 779 τῷ
558 686 772 777 ὑπομνήματι
795 687 919 771 οὕτως·
952 695 1024 779 ari,
1054 699 1102 761 uti
1122 697 1210 761 idem
1231 695 1286 759 bis
1309 697 1343 758 in

226 793 340 859 scholl.
367 786 534 879 Sophool.'‚
568 794 623 860 Tr.
650 798 726 858 1161
754 794 807 859 El.
830 799 888 858 451
925 797 1049 861 factum
1082 820 1154 862 asse
1183 797 1341 862 vidimus.

225 896 340 960 Restat
363 903 399 959 ut
427 896 468 958 de
497 895 598 960 schol.
623 896 739 961 Venet.
766 898 843 962 Pac.
868 900 928 961 758
955 903 1061 987 pauca
1089 898 1223 979 addam,
1253 897 1341 984 quod

225 1018 374 1062 caussam
401 1017 493 1059 suam
521 999 606 1060 tueri
632 998 808 1064 arbitratur
830 1000 870 1064 Ο.
895 1001 1112 1066 Schneiderus
1137 1023 1169 1087 p.
1195 1000 1232 1062 18
1255 1003 1341 1064 Λα-

225 1101 320 1182 μίας
350 1092 503 1180 ὅρχεις·
538 1099 711 1181 ὑμαοτικοὶ
743 1099 806 1184 γὰρ
831 1102 866 1166 ot
890 1096 1009 1185 ὄρχεις.
1055 1103 1207 1184 Λίὺνμος
1232 1101 1339 1166 δὲ...

226 1201 438 1263 είδωλοποιεῑ
463 1199 502 1263 δέ
530 1222 622 1277 τινας
643 1196 753 1286 ὄρχεις
778 1205 912 1288 Λαμίας.
957 1207 1049 1286 θῆλυ
1072 1199 1151 1286 γάρ·
1172 1201 1340 1267 ἐντεῦθεν

224 1302 289 1366 uri.
319 1335 362 1352 —÷
387 1297 494 1378 οὑτως
523 1291 626 1385 εὑρον
654 1303 691 1368 ἐν
718 1297 942 1388 ὑπομνήματι.
987 1304 1084 1369 Hunc
1105 1306 1207 1388 igitur
1228 1304 1337 1367 locum

224 1404 407 1468 cavendum
429 1425 501 1466 esse
523 1425 565 1467 ne
588 1405 631 1468 ad
652 1405 735 1470 hanc
757 1408 980 1491 quaestionem
1002 1405 1193 1469 solvendam
1212 1413 1338 1468 temere

224 1507 435 1591 arripiamus,
469 1506 639 1570 verissime
671 1509 840 1592 perspexit
862 1506 938 1571 Osc.
975 1507 1136 1572 Gerhard.
1167 1509 1240 1591 p.2
1274 1506 1337 1570 hoc

222 1608 329 1693 primo
352 1616 543 1688 argumento
566 1629 655 1691 usus,
675 1608 772 1694 quod,
796 1629 879 1694 quae
898 1610 949 1672 vis
971 1609 1049 1672 insit
1070 1610 1103 1671 in
1126 1607 1265 1672 articulo
1289 1607 1335 1694 τῷ

223 1714 373 1770 accurate
402 1707 523 1792 posito,
550 1730 588 1772 ea
615 1711 800 1774 necessario
825 1709 911 1773 absit
937 1731 956 1772 a
983 1707 1095 1772 verbis
1124 1707 1225 1772 schol.
1254 1709 1332 1770 Pac.

224 1812 293 1872 758*
317 1807 435 1872 Veneti
470 1802 578 1886 οὑτως
609 1799 713 1892 εὑρον
739 1811 776 1874 ἐν
801 1804 1025 1894 ὑπομνήματι.
1080 1808 1218 1873 Accedit
1246 1809 1334 1895 quod

221 1916 323 1972 totam
342 1909 382 1973 de
405 1909 520 1973 Lamia
542 1913 762 1976 narrationem
784 1934 801 1975 e
825 1910 927 1974 schol.
948 1910 1006 1973 Ar.
1021 1909 1144 1996 Vespp.
1163 1914 1244 1974 1030
1270 1911 1333 1974 huc

222 2011 395 2095 irrepsisse
417 2032 481 2074 non
510 2013 606 2076 modo
633 2015 813 2077 sententiae
838 2012 923 2076 male
945 2011 1154 2076 cohaerentes
1180 2012 1332 2095 clamant,

131 2197 132 2200 Ἴ
222 2111 399 2175 sedetiam
430 2119 471 2176 et.
494 2136 536 2177 m.
560 2118 638 2197 550,
670 2118 710 2178 50
733 2114 877 2178 etSuid.
902 2112 937 2176 II
966 2117 979 2175 1
1011 2136 1043 2199 p.
1068 2117 1142 2178 496.
1166 2118 1246 2196 407,
1275 2115 1332 2199 qui

221 2213 341 2277 nostris
364 2212 495 2277 scholiis
520 2215 706 2278 etiamtum
729 2217 923 2300 integriores
943 2214 1157 2301 melioresque
1179 2214 1331 2280 manibus

219 2314 383 2396 terebant,
419 2317 617 2400 comparatio
646 2324 740 2380 extra
768 2316 979 2380 dubitationis
1005 2316 1109 2380 aleam
1136 2318 1243 2402 ponit,
1274 2317 1332 2381 ubi

221 2417 352 2480 divorsa
373 2415 452 2480 locis
472 2417 625 2501 leguntur
648 2418 818 2482 eDuridis
841 2419 977 2505 Libycis
1000 2426 1154 2504 excerpta
1176 2425 1207 2481 et
1229 2418 1330 2482 adno-

219 2520 299 2582 tatio
330 2520 476 2601 Λαμία·
505 2522 630 2603 θηρίον
651 2558 694 2570 -
715 2523 806 2602 θῆλυ
837 2515 912 2602 γάρ.
961 2520 1171 2584 Manifestum
1199 2541 1252 2582 me
1282 2521 1331 2584 iu-

219 2622 292 2685 dice
313 2628 363 2684 cst
395 2622 457 2684 ista
482 2615 590 2698 οὑτως
619 2609 723 2703 εὖρον
754 2619 790 2685 ἐν
819 2615 1032 2705 ὑπομνήματι
1057 2622 1091 2684 in
1119 2620 1184 2683 fine
1213 2641 1330 2684 manca

219 2722 379 2787 vocabulo
400 2727 553 2805 Σφηκῶν
575 2722 685 2786 addito
713 2723 894 2808 supplenda
917 2744 997 2786 asse.
1042 2722 1195 2807 Denique
1216 2723 1329 2784 nescio

219 2824 297 2911 quid
319 2824 479 2910 sequioris
503 2824 618 2887 aetatis
639 2823 814 2888 elocutioni
833 2824 1079 2888 convenientius
1102 2823 1233 2907 sapiunt
1248 2821 1329 2886 haec

217 2925 321 2990 verba
345 2919 452 3000 οὑτως
476 2912 595 3007 εὑρον,
625 2925 712 3010 quod
741 2925 873 3011 quidem
894 2925 1150 2989 additamentum
1173 2923 1329 3008 etymolo-

218 3027 283 3110 gici
312 3026 517 3110 potissimum
545 3033 694 3090 auctores
720 3029 754 3090 in
782 3027 907 3090 deliciis
928 3024 1122 3106 habuerunt.
1168 3023 1220 3088 Of.
1244 3047 1271 3088 e.
1295 3047 1328 3109 g.

218 3126 275 3189 Or.
298 3149 330 3212 p.
357 3128 393 3188 18
418 3123 468 3188 ed.
492 3123 558 3187 Sta.
1027 3143 1028 3148 ¹
1113 3201 1114 3206 ἵ

302 3227 418 3311 Itaque
436 3245 511 3308 ego,
541 3225 597 3309 qui
625 3225 748 3290 scholio
770 3226 856 3292 Plut.
890 3230 969 3291 1037
994 3225 1161 3290 lenissima
1188 3226 1327 3307 medela,

216 3336 252 3391 ut
273 3349 345 3390 mea
372 3325 437 3389 sert
466 3326 590 3410 opinio,
613 3336 786 3412 persanato
809 3331 954 3414 operosis
977 3327 1240 3414 disquisitionum
1261 3349 1328 3390 am-

216 3427 356 3513 bagibus
378 3425 476 3490 facile
497 3427 710 3512 supersedere
731 3431 869 3514 possim,
898 3431 945 3494 sic
969 3437 1091 3511 statuo,
1114 3450 1215 3492 unum
1237 3427 1328 3491 dum-

215 3537 307 3593 taxat
327 3530 361 3592 in
374 3527 516 3610 scholiis,
538 3551 621 3614 quae
639 3528 770 3614 quidem
790 3530 957 3617 hucusque
977 3531 1197 3610 innotuerunt,
1218 3527 1328 3592 locum

216 3654 403 3718 superesse,
432 3631 487 3716 qui
518 3626 555 3693 τὸ
583 3623 767 3713 ὑπόμνημα
796 3631 827 3695 h.
860 3653 888 3695 c.
912 3630 1221 3717 certum-'quendam
1243 3651 1328 3694 com·

215 3733 410 3797 mantarium
433 3740 676 3813 commemoret,
706 3733 792 3796 hunc
820 3733 928 3818 ipsum
955 3739 1063 3795 autem
1089 3731 1206 3793 ceteris
1234 3751 1327 3815 prae·

215 3834 404 3897 stantiorem
439 3832 524 3894 inter
542 3831 680 3919 Didymi
707 3855 806 3919 opera
833 3832 1070 3896 recensendum
1095 3852 1177 3894 esse.
1229 3829 1326 3910 Quod

214 3937 241 3998 si
272 3919 330 3998 res'
364 3934 410 3996 ita
442 3943 628 4019 comparata
662 3941 725 4015 est,
768 3933 923 4014 efficitur,
956 3940 993 3996 ut
1025 3934 1189 4015 integrum
1222 3930 1324 3994 schol.

213 4035 298 4098 Plut.
331 4036 410 4098 1037
442 4037 662 4120 conscriptum
691 4035 733 4097 sit
769 4055 789 4096 a
807 4041 1058 4098 commentatore
1081 4033 1159 4100 satis
1183 4034 1326 4119 antiqua,

212 4137 267 4220 qui
297 4134 482 4220 Didymeae
520 4135 620 4198 aetati
659 4135 827 4220 proximus
863 4135 932 4198 eius
968 4134 1235 4197 commentarium
1273 4130 1324 4218 (τὸ

211 4229 407 4317 ὑπόμνημα)
450 4233 607 4298 adhibere
652 4242 794 4318 poterat,
834 4229 873 4297 τὺ
914 4227 1138 4318 ὑπομνήματα
1177 4257 1272 4317 vero,
1307 4257 1327 4298 a
