2752 4890
1188 385 1247 448 169

88 575 92 579 ·
220 556 258 620 V.
300 555 379 620 1033
407 545 682 638 ἀνεμέσητον·
713 545 771 638 ἐφ’
807 539 834 640 pi
867 544 981 628 οὐδείς
1012 565 1050 616 σε
1081 550 1247 636 μέμνηται

137 655 255 744 (schol.
277 679 310 743 p.
335 656 421 738 182).
444 656 524 732 Hes.
548 657 646 720 1362
665 648 941 738 ἀνεμέσητον·
967 646 1149 738 ἄμεμπτον.

221 758 262 822 V.
288 760 369 824 1693
391 753 597 826 ἄπλατον·
626 751 812 842 ἀπρόσιτον
840 755 957 844 (schol.
985 778 1017 843 p.
1049 757 1135 844 185).
1181 756 1245 823 Ηίο

135 860 277 925 fortasse
298 861 393 924 varia
413 860 510 926 lectio
532 859 684 926 exstabat
702 852 861 943 ἄτλητον.
906 857 979 922 Ηοο
1000 859 1086 922 enim
1100 852 1246 942 ιἰιιρόσι-

135 983 197 1027 τον
218 959 405 1054 significars
421 962 534 1028 dicunt
547 962 628 1028 Hes.
645 970 678 1026 et
691 959 919 1046 Diogenianus
935 980 988 1046 ap.
1007 967 1050 1022 et.
1066 979 1109 1023 m.
1127 980 1159 1045 p.
1175 961 1244 1024 113.

218 1065 251 1128 A
272 1085 305 1128 a.
332 1066 408 1127 1161
430 1084 462 1150 p.
487 1066 545 1128 187
574 1062 646 1128 loco
664 1063 806 1127 maxime
828 1059 1031 1126 memorabili
1058 1059 1247 1148 disputandi

134 1165 272 1230 fecimus
297 1165 436 1228 initium.
464 1149 466 1154 ’
553 1189 554 1194 ’

219 1267 350 1351 Agmen
382 1264 512 1332 claudat
541 1289 574 1332 v.
600 1260 735 1329 1199”
712 1287 863 1348 αγριον
889 1267 1050 1331 ἔλαιον·
1080 1258 1243 1345 ἄκαρπον.

135 1361 330 1451 ἆγριέλαιον
358 1366 417 1454 (gl.
445 1389 508 1432 om.
543 1367 692 1453 R...Br)
753 1365 889 1432 HesI
920 1372 960 1434 67
990 1360 1245 1450 ἀγριέλαιος·

134 1465 297 1552 ἄκαρπος.
318 1469 393 1534 Ηοο
415 1477 564 1555 spectant
578 1469 712 1534 Bachm.
734 1467 872 1534 anecdd.
895 1467 955 1555 Ip.
969 1470 1019 1552 25,
1045 1459 1124 1531 15*
1102 1487 1247 1550 αγριος

136 1574 295 1649 raetos·
324 1565 368 1655 ἣν
396 1570 430 1635 οἱ
456 1570 574 1636 πολλοὶ
603 1565 794 1656 αἰγριέλαιον
823 1574 996 1636 καλοῦσιν.
1051 1569 1121 1634 ἔστι
1156 1560 1246 1650 παρὰ

137 1666 300 1761 Πινδάρῳ
320 1671 357 1738 ἐν
377 1666 512 1757 Ὕμνοις
535 1673 673 1760 (Bergk.
696 1673 797 1738 PLG.
827 1673 897 1760 lp.
919 1675 982 1738 233
1003 1671 1055 1738 ed.
1075 1672 1095 1734 2
1116 1669 1157 1735 fr.
1179 1671 1246 1756 12),

138 1795 223 1861 quae
252 1775 402 1841 fortassis
432 1776 653 1841 ePausaniae
681 1775 783 1863 copiis
816 1773 990 1840 fluxerunt.
1045 1771 1132 1840 Aelii
1158 1779 1246 1836 certe

137 1876 292 1963 Dionysii
314 1899 381 1942 non
402 1899 474 1953 esse
496 1877 626 1942 docebit
647 1877 812 1963 inspectus
835 1877 985 1944 Eustath.
1012 1878 1108 1956 1944,
1128 1876 1165 1955 8,
1194 1874 1247 1938 cui

137 1977 178 2042 de
206 1977 239 2042 h.
270 2000 304 2046 v.
343 1987 513 2066 utramque
545 1980 699 2064 Dionysii
735 1980 911 2044 editionem
946 1977 1116 2046 consulere
1144 1976 1245 2040 licuit.

138 2077 275 2144 Pindari
304 2083 566 2174 commemoratio
599 2081 639 2146 de
667 2080 812 2170 Didymo
844 2080 973 2166 glossae
1009 2087 1141 2145 auctore
1183 2098 1243 2142 nos

136 2182 282 2265 cogitare
303 2184 435 2269 patitur.

222 2282 292 2346 Iam
314 2304 392 2348 vero
412 2305 552 2367 manum,
574 2292 610 2348 ut
632 2283 732 2366 aiunt,
756 2283 796 2350 de
816 2283 939 2350 tabula.
967 2281 1139 2349 Sufficiant
1160 2277 1247 2345 enim

138 2383 220 2448 haec
240 2385 404 2471 exempla,
431 2395 466 2450 ut
483 2394 653 2472 appareat,
683 2407 749 2471 qua
770 2387 902 2450 taudem
922 2393 993 2450 arte
1019 2405 1134 2501 sparsa
1154 2381 1247 2470 quasi

138 2506 196 2570 per
217 2493 320 2550 toturn
342 2485 544 2574 Hesychium
560 2487 697 2574 Didymi
712 2487 795 2552 lexis
814 2488 939 2572 tragica
960 2487 1064 2573 possit
1089 2485 1247 2569 recolligi,

130 2597 219 2670 'opus
248 2586 395 2672 profecto
415 2609 565 2654 ,nauseae
587 2589 734 2676 plenum,
765 2589 966 2676 futurisque,
1002 2589 1031 2652 si
1062 2589 1119 2674 qui
1142 2594 1247 2669 erunt,

126 2685 298 2773 ,Hesychii
321 2689 500 2754 editoribus
519 2690 593 2777 plus
614 2690 830 2777 profuturum,
853 2675 950 2778 quam
972 2687 1152 2776 Sophoclis.
1181 2687 1246 2754 Ita·

139 2809 201 2872 que
223 2810 310 2854 nunc
331 2788 372 2854 de
394 2789 578 2876 Euripidiis
602 2793 721 2878 glossis
756 2779 901 2860 dicturus
931 2792 1044 2879 paucis
1074 2789 1246 2874 defungar.

223 2889 411 2975 Explicatis
433 2892 586 2958 vocabuli
607 2894 725 2978 αἰθέρα
748 2916 800 2980 ap.
819 2893 964 2981 Hesych.
983 2900 1127 2974 servata,
1150 2913 1247 2978 quam

139 2989 241 3054 schol.
265 2991 345 3058 Eur.
376 2993 452 3058 Tro.
483 2997 561 3058 1671
591 3003 729 3066 testatur
754 3017 774 3060 a
795 2997 940 3083 Didymo
963 3015 1036 3060 esse
1056 2994 1249 3082 profectam,

139 3093 218 3177 quin
238 3094 383 3177 tragicae
405 3096 489 3174 λέξοι
511 3097 795 3182 assignandam,
823 3095 1001 3184 eademque
1028 3097 1105 3162 hinc
1126 3100 1161 3162 in
1182 3096 1248 3162 He·

140 3191 298 3278 sychium-
317 3196 614 3282 transmigraverit,
642 3221 706 3266 non
735 3208 783 3264 est
812 3199 899 3286 quod
925 3199 1068 3265 dubites.
1110 3200 1155 3266 At
1176 3219 1248 3284 pro-

138 3294 354 3378 grediendum
377 3296 514 3364 ulterius
543 3287 615 3382 est,
635 3301 847 3388 institutaque
874 3300 1033 3388 Hesychii
1056 3322 1130 3368 cum
1156 3299 1247 3364 scho-

140 3394 259 3460 liorum
281 3395 445 3482 farragine
473 3403 713 3488 comparatione
732 3424 779 3468 ex
799 3401 968 3488 utriusque
989 3401 1066 3467 libri
1087 3423 1247 3468 consensu

139 3494 401 3582 diiudicandum,
423 3522 506 3587 quae
526 3503 659 3568 tandem
682 3511 713 3566 et
733 3503 928 3569 scholiorum
949 3505 1088 3570 laciniae
1108 3503 1247 3590 etglos-

139 3721 189 3774 927
214 3722 361 3788 explicatio
383 3725 511 3776 vocabuli
528 3725 623 3786 λιὸπος
637 3727 672 3780 ὀλ
691 3726 821 3788 λαιαίζειν
840 3729 960 3782 concinit
978 3746 1038 3782 oum
1055 3728 1247 3795 Hesychiauia.

139 3835 171 3844 —
202 3811 270 3861 Hes.
294 3811 309 3860 1
334 3808 387 3862 346
413 3801 540 3872 ἄναυδος
568 3815 684 3866 fortasse
708 3816 744 3868 ad
764 3818 813 3870 Tr.
836 3833 863 3868 v.
887 3816 939 3868 976
955 3818 1086 3882 pertinet,
1111 3832 1190 3882 quem
1213 3815 1248 3866 ad

140 3894 229 3946 locum
247 3897 283 3947 cf.
303 3897 388 3958 schol.
405 3915 434 3964 p.
455 3899 515 3953 178.
533 3928 564 3938 -
584 3899 753 3952 Vocabulum
772 3891 908 3967 ἐχόλωσεν
931 3920 956 3954 v.
980 3883 1045 3955 1'037
1065 3902 1165 3968 legitur
1183 3916 1249 3950 sane

140 3996 182 4046 ap.
202 3983 279 4047 Hes,
298 3983 346 4033 scd
368 3999 438 4049 quae
456 3986 548 4038 schol.
571 4003 598 4052 p.
622 3987 670 4038 182
691 3981 824 4052 expositio
843 3994 885 4039 est
903 3979 1058 4038 ἐπίστασιν
1075 3983 1175 4037 ibidem
1194 4002 1249 4035 non

141 4073 324 4132 apparet-
288 4070 414 4122 -.Hes
439 4064 570 4123 ωἰιύποτα
597 4073 650 4124 alio
674 4077 792 4138 spectat,
817 4090 871 4124 ιιοιι
896 4075 931 4124 ad
954 4075 1000 4124 Tr.
1025 4089 1052 4124 v.
1073 4075 1153 4133 1044·
1174 4077 1246 4142 aty

142 4146 243 4203 1057‘
226 4156 346 4219 ροφεῖ·
364 4148 489 4210 ἐκπίνει
498 4177 552 4210 ιιοιι
569 4160 682 4211 multum
707 4162 834 4212 abhorret
854 4162 887 4211 ab
906 4163 972 4210 Hes.
994 4152 1111 4256 doura·
1131 4155 1248 4206 καταπί-

140 4253 189 4288 νει.
214 4231 419 4309 αναλαμβοὶαει.
