2752 4890
555 359 747 420 -P-
1145 365 1203 426 161

94 521 239 610 ήθίτηκε
261 518 414 599 τούτους.
437 518 632 607 παράλογον
652 521 717 606 γάρ
738 519 799 588 τὸν
819 517 952 609 ἀπενθῆ
974 528 1112 591 τοιαῦτα
1129 528 1205 592 δια-

95 635 282 694 κονεῖσθαι.
317 626 359 689 Α.

181 733 252 793 707.
276 721 869 810 οάυάτοι·Ἀρίσταρχοςοόυό
890 747 959 792 πω.
973 728 1021 792 A.
1128 795 1131 798 ,

177 836 249 894 774.
269 824 478 912 Ἀρίσταρχος
501 825 557 891 διά
578 830 640 891 τοῦ
662 851 682 890 α
702 821 990 910 άστυφέλιξευ.
1014 830 1056 893 Α.

174 936 246 995 775.
267 923 562 1014 Ἀρίσταρχοςὸδ’
580 926 623 994 ἐν
641 925 941 1014 στροφάλιγγι
962 925 1029 994 συν
1046 953 1138 1018 τοιυ
1160 933 1202 996 A.

179 1034 250 1119 810.
284 1027 403 1100 πότε
430 1025 486 1094 διά
507 1032 568 1094 τοῦ
591 1030 668 1100 ταί
687 1017 904 1114 Ἀριστάρχου
930 1028 1042 1117 τότε,
1071 1026 1117 1110 ὡς
1137 1038 1205 1098 τῶν

65 1187 69 1190 -
95 1133 172 1200 τότε
192 1129 409 1217 μελετώντων
430 1126 492 1214 τὴν
512 1127 673 1215 τοιαύτην
692 1125 846 1298 άσκησιν,
868 1126 954 1198 οιστε
964 1157 1025 1199 τον
1041 1127 1205 1198 άντελαό-

152 1339 254 1401 842
278 1331 386 1412 οὕτως
406 1329 462 1400 οιά
481 1313 542 1398 τοῦ
565 1357 592 1418 ε,
615 1349 658 1398 σε
680 1282 880 1418 προσίήη.
895 1336 937 1398 Α.
1024 1360 1029 1370 ·

183 1440 254 1502 854.
276 1436 313 1502 ἐκ
332 1431 483 1520 πλήρους
503 1429 540 1500 τό
564 1429 772 1516 οαμέντα’
767 1413 984 1520 Αρίσταρχος.
1017 1438 1058 1501 A.

181 1541 253 1604 858.
277 1533 333 1605 διδ
355 1542 416 1606 τοῦ
438 1561 460 1621 η
482 1531 519 1602 τδ
541 1540 758 1620 τεθνηῶτα
777 1531 997 1622 Ἀρίσταρχος.
1012 1539 1058 1602 A.

634 1714 672 1781 P.

182 1844 232 1906 20.
256 1837 498 1926 πορδάλιος·
520 1839 576 1906 διὰ
598 1845 661 1907 τοῦ
684 1867 713 1906 α.
727 1844 763 1907 αλ
776 1838 1065 1929 ἈριστάρχουΑ.

184 1946 234 2009 27.
257 1938 359 2008 οὐδέ
380 1942 412 2006 ἕ·
435 1937 492 2007 διά
513 1946 575 2006 τοῦ
595 1941 633 2007 τί
652 1939 753 2009 οὐδέ
770 1968 812 2010 τε
831 1940 1051 2032 Ἀρίσταρχος.
1072 1952 1113 2015 A.
1155 1959 1177 1970 ·’

187 2044 249 2132 [34.
279 2046 316 2110 ἔν
344 2059 409 2109 τισι
440 2048 509 2109 ταῖν
536 2038 787 2130 ὑπομνημάτων
810 2035 832 2130 6
861 2045 959 2130 τάχα
979 2053 1117 2128 τίσεις.
1147 2051 1201 2138 V.]

99 2146 151 2210 Cf.
173 2149 285 2211 6857
317 2151 415 2212 H95
448 2148 540 2212 (681
573 2151 675 2212 1700
708 2152 799 2213 K46
833 2152 868 2211 Ν
897 2152 957 2212 115
989 2152 1115 2224 5216.
1143 2156 1204 2217 397

96 2253 130 2313 Π
151 2251 202 2311 76.
553 2275 560 2282 ’
979 2311 981 2318 .
1088 2312 1090 2317 .

162 2352 235 2442 41.
267 2344 340 2413 κατ’
368 2351 441 2414 ἔνια
468 2350 505 2415 δὲ
533 2351 603 2413 τοῖν
630 2345 881 2433 ὑπομνημάτων
910 2349 966 2417 οιά
993 2355 1055 2418 τὀὖ
1083 2375 1107 2418 π
1129 2352 1205 2418 ·ἐπλ

98 2447 248 2536 δηρόν,
270 2445 393 2535 ὁμοίως
411 2457 456 2539 τῷ
478 2448 552 2515 *ἐπὶ
574 2447 681 2534 δηρὸν
703 2449 743 2516 δέ
756 2475 813 2536 μοι
835 2452 937 2519 αἰῶν’
962 2459 997 2538 (Ι
1012 2456 1101 2539 415).
1120 2456 1162 2519 A.

184 2556 235 2618 42.
255 2547 466 2639 Ἀρίσταρχος
488 2545 661 2652 ἀμφότερα
682 2547 738 2618 διά
760 2558 822 2620 τοῦ
844 2557 876 2639 0,
899 2551 959 2640 ἠδ’
983 2550 1111 2639 άλιιῆς
1133 2551 1205 2640 ἠδὲ

97 2652 263 2738 φόβοιο.
293 2655 334 2720 A.

182 2761 234 2821 44.
258 2752 423 2840 χαλκός·
445 2749 555 2832 οὕτως
570 2748 829 2842 Ἀρίσταρχος,”
814 2783 848 2822 ιν
852 2747 1122 2870 ἠἐπιδορατις·
1145 2751 1205 2824 άλ-

99 2862 151 2922 λοι
174 2857 211 2922 δὲ
231 2852 394 2941 χαλκόν.
416 2856 489 2921 AV.
676 2923 677 2926 ,

185 2961 236 3023 54.
280 2955 470 3041 Ζηνόδοτος
499 2953 555 3022 διά
582 2961 644 3022 τοῦ
674 2980 693 3022 ο
726 2949 1031 3044 ἀναβέβροχεν,
1064 2952 1109 3036 ὡς
1140 2960 1210 3024 ἐκεῖ

99 3052 191 3123 ἀλλ’
220 3053 259 3123 ὅτ
262 3053 490 3142 ’ἀναβρόξειε
510 3055 699 3143 θαλάσσης’
724 3059 858 3146 (Οόμοε.
878 3083 901 3143 μ
924 3060 1012 3144 240).
1033 3059 1075 3124 Α.

185 3162 237 3225 05.
258 3155 468 3244 Ἀρίσταρχος
489 3155 544 3225 διά
567 3163 629 3224 τοῦ
647 3182 668 3243 η
690 3158 954 3243 περιστήωσι.
977 3161 1019 3225 A.

135 3307 137 3314 .
188 3263 257 3324 103.
281 3259 319 3325 ίό
327 3283 423 3338 ντες
440 3259 630 3345 Ζηνόδοτος
648 3256 762 3326 ίόυτε
784 3262 918 3338 δυλκεάς.
944 3260 986 3325 A.

185 3364 362 3428 134-136.
397 3359 487 3446 παρά
510 3359 689 3448 Ζηνοδότῳ
720 3362 775 3427 καὶ
810 3361 847 3427 ἐν
874 3365 915 3448 τῇ
937 3364 1001 3448 Χία
1027 3354 1091 3424 οὐκ
1122 3351 1206 3443 ἦσαν

101 3461 135 3523 οί
160 3483 182 3542 γ
210 3464 325 3545 στίχοι.
365 3467 445 3540 ίσως
467 3462 571 3547 φασὶν
593 3464 694 3538 ἔνιοι,
721 3458 772 3528 ὅτι
789 3465 832 3527 ὀί
852 3458 992 3546 άρσενες
1014 3459 1145 3537 λέοντες
1164 3455 1206 3525 06

103 3566 419 3647 σκυμυαγωχοῦσιν,
442 3557 525 3630 άλλά
545 3561 679 3647 θήλειαι
698 3562 809 3647 μόναι.
848 3558 931 3628 κατά
953 3563 990 3628 00
1011 3556 1049 3626 τδ
1070 3554 1207 3645 άρσενι-
1269 3635 1270 3640 ¹

101 3657 162 3725 ιιόν
183 3661 238 3726 καὶ
259 3660 313 3727 ἐπὶ
335 3667 392 3747 τῆς
410 3668 548 3747 θηλείας
573 3664 723 3728 τέτακται
746 3659 764 3728 ὁ
784 3667 870 3729 λεόιν
892 3663 948 3728 παλ
967 3664 1058 3728 ἔστιν
1080 3663 1208 3728 ἐπίκοι-

100 3785 171 3826 νον.
206 3763 275 3840 ἒστι
299 3760 364 3847 γάρ
387 3786 463 3829 τινα
484 3759 633 3847 ὀνόματα
655 3759 827 3847 άρσενιιιά,
849 3758 871 3829 6
893 3763 946 3828 καὶ
969 3762 1022 3827 ἐπὶ
1043 3766 1207 3846 θηλυκῶν

8 3939 13 3948 Ι
100 3859 266 3946 τάσσεται,
288 3862 343 3928 καὶ
362 3861 510 3949 θηλυκά,
533 3857 557 3931 6
578 3862 633 3929 καὶ
654 3863 707 3928 ἐπ’
730 3858 930 3949 άρσενιιιοὸν,
953 3855 1027 3928 οἷον
1041 3863 1130 3946 ίέραξ
1145 3859 1207 3943 μὲν

101 3961 154 4026 καὶ
176 3957 229 4027 ἐπ’
255 3956 397 4046 άρσενος
422 3966 478 4031 τιαδ
499 3968 637 4051 θηλείας
657 3962 827 4050 τάσσεται,
856 3960 1018 4045 πάρδαλις
1036 3960 1073 4026 00
1097 3965 1208 4075 θηλη-

101 4059 164 4181 ηὸν
186 4057 294 4148 ὄνομα
315 4063 372 4129 καὶ
394 4059 448 4130 ἐπ’
469 4060 650 4148 άρσενιτιοδ
664 4070 803 4133 τίθεται.
827 4061 965 4130 οόποάυ
974 4083 1057 4126 κατα
1044 4053 1182 4143 μὲν
1146 4080 1209 4141 την

101 4156 266 4286 ήμετέραν
287 4163 478 4247 συνήθειαν
498 4165 585 4231 λίαν
606 4167 668 4250 μὲν
689 4159 855 4250 λέγεται
840 4189 859 4228 ο
877 4158 1002 4281 άρσηυ,
1035 4158 1150 4223 λέαινα
1171 4154 1210 4223 δὲ

100 4260 128 4346 6
143 4261 282 4349 θήλεια·
320 4261 403 4368 κατὰ
427 4263 518 4330 δὲ
485 4287 544 4330 τον
556 4263 706 4351 Ὅμηρον
728 4263 826 4351 μήπω
850 4265 895 4350 1)
918 4256 981 4343 τὴν
1002 4231 1139 4332 1666
1162 4263 1211 4322 δῖ-

151 4389 310 4452 οιοτιιειε.
963 4359 999 4420 1¹
