2812 4868
1251 335 1272 395 5

162 494 227 572 ἕως
239 489 461 576 «Αὐγούστου.
486 493 552 562 Sed
574 494 658 558 lorte
677 495 809 559 fortuna
830 496 959 579 eccidit,
981 505 1017 560 ut
1037 475 1166 584 praeter
1186 497 1272 564 hunc

159 597 268 663 locum
293 595 400 660 tribus
428 593 501 659 eliis
530 595 633 660 noslri
661 597 935 662 commemorandi
966 601 1170 665 occasionem
1193 603 1272 668 arri-

160 708 254 788 peret
275 700 318 763 ad
342 698 576 783 computandas
597 687 779 785 temporum
797 700 1158 766 rationes-utilioribus.
1204 703 1230 784 Ι,
1255 711 1267 766 l

161 827 193 890 p.
217 805 278 867 582
296 795 446 866 Ἀτίων
466 794 484 863 ὁ
505 803 818 866 Πλειστονίκου
839 839 883 852 --
904 799 1064 885 Διοτίμου
1085 806 1147 866 τοῦ
1167 801 1272 886 μεγά-

162 912 225 970 λου
257 898 415 987 θοοτττός.
471 901 501 984 Ι,
536 905 554 963 2
590 926 622 988 p.
653 905 714 966 879
746 897 1013 986 Ἡρακλείδης
1041 903 1271 988 Ποντικός,

162 1002 228 1071 ἀπὸ
248 999 443 1089 Ἡρακλείας
471 1007 530 1086 τῆς
558 1000 710 1088 Πόντου,
741 1001 983 1090 γραμματικός,
1012 999 1104 1083 ὅστις
1128 1006 1272 1094 Διδύμῳ

161 1113 207 1196 τῷ
228 1104 319 1172 πάνυ
341 1099 425 1170 κατὰ
447 1100 508 1187 τὴν
524 1099 768 1189 Ἀλεξανδρέων
786 1106 964 1190 ἐφοίτησεν
979 1105 1044 1172 κτὲ.
1076 1109 1102 1191 1,
1123 1111 1141 1171 2
1159 1105 1191 1195 p.
1209 1112 1271 1174 998

159 1204 307 1292 Ἰόβας,
330 1203 459 1290 Λιβύης
480 1205 535 1270 καί
557 1212 781 1290 Μαυρουσίοις
801 1208 1012 1294 βασιλεύςὲ-
1030 1208 1219 1293 συνήκμαζε
1240 1203 1270 1278 θ’,

163 1305 256 1395 αὐτῷ
279 1309 431 1390 Δίδυμος
453 1301 470 1372 ὁ
494 1309 711 1392 χαλαίντερος
734 1304 752 1374 ὁ
775 1311 829 1374 καί
848 1306 954 1377 πολλὰ
965 1307 1097 1396 γράψας
1112 1304 1187 1374 κατ’
1209 1305 1273 1374 αὐ-

162 1415 233 1476 τοῦ.
256 1411 308 1490 Ac
328 1410 479 1474 Ciceroni
496 1433 568 1474 enm
591 1433 763 1498 supparem
785 1414 909 1480 vixisse
925 1423 961 1478 ut
981 1421 1145 1502 procerte
1164 1435 1273 1478 sumas

162 1513 261 1578 facile
284 1531 322 1576 eo
337 1511 449 1576 induci
462 1514 578 1598 possis,
602 1515 688 1599 quod
702 1516 867 1578 Ammiani
885 1513 1069 1580 Marcellini
1086 1517 1273 1581 testimonio

163 1623 291 1680 constat
309 1614 524 1700 parturivisse
547 1626 707 1706 eumont,
731 1625 766 1680 ut
782 1616 882 1682 Plinii
903 1617 1013 1682 verbis
1032 1625 1115 1698 uter,
1139 1616 1272 1686 ebertus

163 1717 283 1781 fecisse
311 1716 469 1780 adversus
499 1715 667 1781 Ciceronis
691 1719 731 1782 de
752 1717 920 1805 republica
938 1717 1055 1800 libros,
1084 1715 1198 1798 XXII,
1224 1722 1272 1800 16,

166 1823 218 1883 16:
262 1823 364 1882 ‘Inter
397 1838 469 1896 quos
492 1825 614 1883 eminuit
637 1823 784 1900 Didymus
813 1826 982 1900 multiplicis
1014 1827 1154 1884 commuue
1185 1827 1273 1900 copia

163 1925 368 2000 memorabilis,
387 1926 439 1998 qui
456 1927 487 1982 m
508 1927 568 1983 illis
591 1926 636 1985 VI
646 1927 730 1986 libris
750 1930 780 1986 m
803 1928 907 2001 quihus
925 1943 1144 2002 nonnumquam
1158 1930 1274 2003 imper-

160 2028 240 2101 fecte
266 2025 393 2085 Tullr‘um
421 2014 614 2101 reprehendit
634 2029 833 2103 sillopruphos
854 2030 983 2088 imilatus
1005 2031 1164 2104 screpteres
1185 2032 1275 2089 mule·-

163 2132 244 2190 dieos
271 2129 382 2190 iudicio
405 2127 556 2186 doctorum
583 2131 703 2188 uurr'um
724 2131 896 2202 incusatur,
923 2137 955 2188 ut
971 2133 1114 2188 immum'u
1134 2130 1273 2201 frenen-

163 2240 218 2292 tem
241 2235 353 2291 leonem
372 2229 540 2305 putredulr's
562 2227 708 2312 uocibus²)
736 2233 852 2290 eutulus
873 2235 990 2306 lonpius
1011 2233 1273 2291 circumlatruns’

164 2329 335 2394 Suidass.
363 2349 395 2391 v.
421 2321 757 2408 Tourandios—-
779 2325 854 2409 περὶ
885 2330 943 2410 τῆς
964 2328 1157 2410 Κικέρωνος
1178 2334 1274 2399 τολο-

163 2434 260 2507 τείας.
302 2421 467 2511 ἀντιλέγει
488 2425 532 2492 dl
560 2431 606 2514 τῷ
628 2423 781 2516 Διίύμῳ.
838 2429 940 2516 Atqui
971 2429 1139 2494 Ciceronis
1163 2432 1203 2495 de
1225 2453 1274 2495 re·

163 2531 296 2620 publica
323 2531 424 2596 libros
459 2551 519 2595 sex
546 2553 573 2595 ο.
597 2551 628 2592 ο.-
654 2553 686 2594 u.
709 2527 800 2594 DOO
824 2523 1051 2618 compositos2)
1076 2537 1104 2597 si
1127 2533 1198 2598 fieri
1219 2555 1274 2620 po-

163 2638 264 2699 tuisse
289 2633 403 2698 damus
425 2641 462 2697 ut
482 2633 652 2719 Didymus
675 2634 908 2718 grammaticus
925 2657 1038 2699 recens
1062 2637 1197 2700 emissos
1221 2651 1275 2699 ex

165 2739 318 2822 agitaret,
337 2739 454 2800 vereor
469 2755 511 2798 ne
527 2732 722 2798 Heraclides
737 2733 908 2817 Ponticus,
933 2758 1029 2838 quern
1045 2736 1162 2801 Suidas
1182 2739 1255 2802 lest
1247 2759 1275 2801 rs

165 2849 213 2902 est
236 2847 269 2902 et
290 2837 514 2908 Alexandriae
541 2836 721 2922 Didymum
742 2836 967 2901 audivisset
936 2846 967 2902 et
995 2839 1190 2925 imperatore
1212 2839 1275 2904 Ne·

103 2999 108 3012 ,
164 2962 244 3005 rone
266 2940 391 3004 Romae
415 2939 544 3003 scholae
566 2937 763 3025 praefuisse,
791 2937 834 3001 ad
860 2938 1070 3004 incredibiles
1091 2963 1198 3028 neque
1220 2941 1275 3006 ho'-

164 3043 244 3126 mini
277 3043 450 3106 concessos
479 3062 582 3106 annos
617 3039 808 3125 pervenisse
837 3039 998 3104 videatur.
1053 3041 1169 3129 Neque
1196 3065 1275 3109 vero

96 3199 98 3202 .
165 3145 290 3230 Phlege
318 3164 379 3206 nec
409 3141 574 3207 Lucienus
596 3135 806 3205 Heraclidem
833 3141 919 3204 inter
946 3140 1125 3236 longaevos
1154 3145 1274 3227 retulit.

89 3290 91 3294 -
165 3246 316 3327 Accedit,
349 3243 436 3332 quod
466 3265 508 3307 ex
533 3244 699 3312 Ammiani
725 3243 836 3308 verbis
860 3246 1106 3328 grammaticum
1129 3255 1275 3311 nostrum

166 3371 237 3414 cum
258 3346 366 3411 catulo
389 3347 607 3432 comparantis
630 3346 762 3409 minime
785 3345 935 3427 efficitur,
955 3355 992 3410 ut
1012 3349 1275 3414 adulescentulus

165 3451 396 3536 grammaticus
424 3450 459 3512 in
483 3457 623 3514 aetatem
644 3448 781 3512 oratoris
804 3451 1004 3513 senescentis
1025 3450 1193 3516 inciderit:
1222 3450 1275 3515 de·

165 3556 263 3640 nique
285 3550 479 3638 plusquam
501 3552 621 3638 viginti
643 3549 738 3613 annis
760 3557 835 3613 ente
860 3548 975 3615 Cicero
997 3573 1014 3614 e
1035 3553 1105 3616 vita
1126 3552 1275 3635 decessit,

166 3677 262 3743 quam
283 3653 579 3741 Didymus.aliquo
601 3672 735 3717 numero
751 3674 823 3716 esse
845 3653 1016 3738 coepisset.
1049 3653 1174 3719 Eodem
1190 3655 1276 3718 enim

164 3767 309 3845 tempore
335 3756 402 3819 hic·
416 3754 557 3820 et‘Iuba
575 3755 799 3820 *Mauritaniae
827 3775 888 3819 rex
914 3754 1046 3820 fuerunt
1074 3758 1145 3844 ipso
1175 3755 1276 3820 Snida

165 3867 314 3940 auctore,
338 3877 532 3968 quamquam
554 3857 649 3924 huius
669 3859 767 3922 aetati
786 3856 879 3922 illum
901 3859 1099 3968 successisse
1122 3855 1199 3920 inde
1221 3877 1275 3941 pe·

237 4015 262 4081 I)
287 4017 357 4066 Post
380 4032 407 4067 v
432 4017 604 4108 ‘vocibus’
629 4021 693 4068 sunt
716 4017 762 4082 qui
786 4031 813 4068 v.
838 4020 972 4066 Moenus
997 4015 1131 4077 inserent,
1159 4013 1275 4063 Linden-

167 4102 256 4170 brog.'
275 4117 397 4152 venus.

235 4191 262 4256 2)
235 4189 330 4245 2.Cl'
357 4205 399 4254 ep.
428 4191 518 4254 adQ.
547 4193 580 4242 Ir.
604 4192 633 4241 11
656 4192 689 4242 14
712 4190 756 4242 111
779 4190 851 4241 5A.
877 4183 950 4239 Mei
957 4189 1042 4253 praef.
1066 4203 1092 4292 p.
1113 4135 1208 4236 XXIII
1232 4183 1274 4234 cd.

168 4271 262 4328 Moser.
659 4301 670 4312 =
1111 4305 1112 4310 =
