2866 4882
1216 367 1277 429 363

164 530 267 613 Harp.
294 531 350 608 99,
376 531 413 590 13
443 528 536 591 Serv.
560 528 602 591 ad
620 529 703 592 Aen.
725 529 775 593 IV
796 533 853 596 261
878 531 894 593 Ι
915 554 946 616 p.
973 533 1033 594 275
1056 532 1150 596 Lion.
1170 540 1211 597 et.
1233 557 1276 600 m.

168 634 236 714 118,
259 633 277 693 8
299 628 404 716 (Suid.
425 628 440 690 1
467 631 474 688 1
498 653 529 716 p.
553 632 614 692 383
636 630 762 719 Bada)

707 820 736 881 6.

249 935 308 998 Ex
321 934 437 998 eodem
453 934 589 1020 Didymi
612 934 776 998 volumine
798 935 964 1000 fluxerunt
983 938 1090 1020 etiarn,
1113 938 1147 1001 ni
1169 937 1275 1022 fallor,

165 1058 246 1122 quae
269 1035 310 1099 de
332 1044 424 1099 sexto
447 1036 587 1122 quodam
602 1035 756 1121 Apolline
770 1037 936 1122 Magnetis
959 1038 1037 1120 filio,
1060 1047 1171 1102 nostro
1193 1047 1276 1102 teste

166 1135 340 1217 advocato,
360 1136 495 1200 tradidit
519 1135 670 1200 Clemens
692 1136 789 1200 Alex.
810 1160 842 1222 p.
868 1142 922 1219 14,
944 1142 963 1201 5
985 1138 1077 1224 Sylb.
1101 1133 1119 1202 ὁ
1142 1139 1178 1203 δὲ
1200 1144 1276 1204 Δί-

165 1242 185 1302 6
192 1259 293 1320 υμος
315 1230 332 1300 ὁ
354 1233 579 1320 γραμματικὸς
602 1237 734 1314 τούτοις
757 1236 855 1304 ἕκτου
877 1237 1027 1323 ἐπιφέρει
1049 1233 1110 1303 τόυ
1130 1235 1275 1323 Μάγνη-

165 1363 230 1416 τος.
276 1338 327 1403 Of.
353 1338 459 1401 Cicer.
483 1338 523 1401 de
543 1347 609 1402 nat.
632 1339 721 1402 deor.
745 1340 798 1403 III
821 1343 840 1404 3
862 1345 892 1421 ἕ.
916 1343 966 1404 57.
1011 1340 1166 1406 Alectora
1184 1342 1276 1425 Mag-

165 1443 249 1505 netis
271 1448 391 1504 norunt
411 1438 511 1503 schol.
533 1438 573 1503 Il.
595 1438 623 1501 B
647 1443 719 1504 756.
765 1440 821 1505 Sol
844 1457 923 1507 vero
946 1444 1106 1507 vocitatus
1129 1452 1179 1507 est
1198 1444 1275 1508 Ale-

166 1552 234 1607 otor
254 1543 325 1606 sive
347 1540 490 1605 Elector.

697 1747 734 1826 2.

492 1874 875 1960 Μεταμορφώσεις.
899 1881 946 1967 (3)

707 2033 734 2092 1.

248 2156 363 2240 Itaque
389 2154 471 2218 haee
498 2161 651 2240 quattuor
675 2154 859 2238 fragmenta
884 2178 948 2220 non
981 2157 1093 2221 dubito
1125 2158 1203 2244 quin
1234 2180 1277 2220 ex

163 2264 211 2338 eo,
238 2257 279 2320 de
301 2279 365 2342 quo
386 2257 524 2340 agimus,
544 2255 681 2341 Didymi
704 2256 788 2320 libro
809 2256 956 2342 profecta
978 2258 1053 2319 sint.
1096 2257 1274 2321 Lubrieum

163 2380 240 2421 vero
262 2357 418 2421 iudicium
438 2367 486 2421 est
505 2357 544 2422 de
568 2356 667 2419 schol.
691 2357 733 2420 ad
751 2357 847 2420 Hom.
868 2357 989 2444 Odyss.
1006 2359 1099 2422 6797
1117 2359 1201 2444 (Pal.
1213 2358 1271 2440 9.)

163 2459 311 2522 Eustath.
333 2482 364 2543 p.
391 2461 486 2540 1122,
509 2463 527 2520 7
553 2456 615 2544 )62,
640 2457 693 2546 45]
719 2460 909 2542 Δίδυμος
933 2457 969 2524 di
994 2454 1171 2543 Ἀμεράκιυ
1192 2460 1274 2542 φησὶ

163 2555 475 2643 προσαγορεύεσθαι
508 2554 570 2639 τὴν
589 2553 794 2641 Πηνελόπην
814 2553 836 2643 ἢ
856 2556 1032 2642 Ἀυιιριιίιιυ
1056 2555 1273 2648 (Ἀμειράκηυ

162 2653 375 2743 ἢἈρυαιιίαυ
397 2659 563 2741 Eustath.,
585 2652 742 2738 Ἀρναίαν
764 2661 874 2724 Taetz.
891 2661 972 2749 Lyo.
992 2662 1067 2745 792)
1092 2665 1272 2726 Ναυπλίου

162 2759 197 2824 δὲ
219 2763 378 2845 ῥίψαντος
405 2754 513 2842 αὐτὴν
539 2763 585 2835 εἰς
614 2756 786 2824 θάλατταν
816 2757 871 2826 διὰ
898 2757 1022 2845 ποινὴν
1046 2760 1272 2846 Παλαμήδους

161 2858 226 2926 ὑπὸ
251 2858 454 2946 ιτηυελόιιοιυ
477 2853 584 2942 αὐτὴν
611 2868 782 2926 σωθεῖσαν
803 2855 911 2938 οὕτως
932 2855 1182 2946 οιύομασθῆυαι.
1213 2862 1271 2927 Su-

161 2965 268 3048 spicor
290 2963 428 3048 Didymi
447 2960 569 3025 sontem
592 2983 663 3024 esse
681 2962 913 3046 Lysimachum
935 2964 1075 3029 fortasse
1097 2987 1117 3028 a
1136 2964 1273 3027 Mnasea

159 3064 330 3126 Patarensi
358 3064 501 3126 citatum.
542 3061 606 3125 Hie
634 3063 720 3125 enim
747 3085 812 3127 non
841 3065 931 3150 prius
958 3065 1071 3129 audita
1103 3065 1205 3129 multa
1230 3064 1271 3128 de

160 3163 259 3226 Ulixe
282 3164 415 3248 eiusque
444 3164 597 3248 prosapia
618 3164 774 3227 narravit.
819 3164 870 3229 cf.
893 3166 1013 3231 Athen.
1036 3167 1085 3231 IV
1105 3189 1138 3252 p.
1163 3168 1221 3229 158
1237 3166 1269 3229 D

159 3263 308 3327 Eustath.
333 3264 453 3349 Odyss.
476 3262 542 3326 XV
566 3263 624 3324 113
647 3284 681 3347 p.
705 3267 798 3346 1796,
821 3270 856 3329 14
882 3267 1012 3354 (Stiehl.
1036 3267 1057 3331 l.
1078 3290 1106 3331 ο.
1126 3291 1158 3352 p.
1181 3268 1267 3352 107).

243 3364 497 3428 Verumtamen
521 3362 602 3428 haee
624 3364 789 3451 Didymus
822 3390 899 3432 num
926 3370 961 3430 in
981 3369 1159 3434 Homerum
1186 3391 1271 3433 com-

158 3474 320 3528 mentatus
342 3488 383 3528 an
401 3467 436 3528 in
456 3464 544 3554 libro
564 3465 673 3551 aliquo
693 3466 861 3530 historiam
879 3468 1060 3532 fabularem
1084 3472 1269 3533 continente

157 3565 344 3647 tradiderit,
379 3568 456 3630 seiri
487 3567 609 3651 nequit.
632 3604 675 3614 -
701 3567 754 3629 De
782 3568 962 3653 Penelopes
985 3569 1171 3632 nominibus
1192 3570 1269 3655 quid

158 3673 296 3736 statuam
322 3665 457 3730 fluctuat
484 3669 627 3743 animus.¹
676 3661 893 3750 Ἀμυρακίυη,
927 3668 1072 3732 mulieris
1101 3691 1219 3733 nomen
1249 3692 1269 3733 a

156 3765 235 3828 flore
264 3765 389 3848 fiotum,
415 3768 556 3830 occurrit
581 3789 632 3854 ap.
658 3767 849 3855 Aloiphron.
881 3792 930 3855 ep.
953 3768 1007 3832 ΙΙΙ
1028 3773 1083 3852 37,
1107 3769 1193 3855 quod
1215 3769 1269 3832 hio

156 3865 190 3926 in
220 3887 353 3928 eensum
385 3870 499 3931 venire
527 3891 623 3958 posse
651 3893 716 3934 non
735 3871 875 3934 videtur.
917 3865 1067 3950 Ἀουαίος
1086 3870 1266 3935 Ithacensis

156 3966 297 4030 mendici
328 3967 374 4030 Iri
406 3968 468 4031 fuit
497 3991 614 4032 nomen
643 3970 762 4056 Odyss.
793 3971 842 4034 VI
869 3974 898 4033 5.
943 3971 988 4033 At
1016 3971 1094 4055 quid
1120 3991 1193 4032 oum
1213 3968 1267 4033 Iro

156 4065 367 4154 Penelopae?
404 4069 531 4132 Natalis
553 4071 670 4134 Comes
689 4070 826 4156 Mythol.
849 4095 880 4158 p.
903 4074 964 4134 935
983 4066 1116 4149 ’novara
1138 4070 1267 4134 derivat

156 4166 198 4231 ab
222 4164 418 4251 ἀρνεῖσθαι,
449 4176 547 4248 ‘qaod
562 4193 629 4235 eam
651 4178 919 4247 muratorianam,
949 4193 1015 4234 cam
1038 4165 1265 4249 ἀρνεῖσθαι

154 4271 293 4348 refutare
314 4283 343 4340 et
360 4277 492 4340 abnuere
512 4277 683 4357 styaificet!
728 4272 858 4336 Deinde
877 4272 1000 4359 pergit:
1024 4275 1117 4336 ‘Mea
1136 4277 1267 4356 deposito
