2752 4890
516 421 559 432 -
601 387 712 448 1²-
1107 393 1166 458 163

148 544 196 634 [τό
220 541 244 633 ἥ
251 570 313 630 ρει
338 542 421 612 άνευ
443 552 506 613 τοῦ
527 575 540 614 ι
562 554 664 615 πᾶσαι
689 547 787 635 εἶχον.
809 554 863 642 V.]

140 653 213 712 607.
235 644 342 725 οὕτως
361 644 571 733 Ἀρίσταρχος
591 651 653 716 τοὶ
674 649 706 716 δ’
727 651 917 738 ἐβόησαν
941 655 1025 720 Vide
1044 682 1076 745 p
1095 662 1164 726 112.

140 753 212 816 631.
236 750 369 834 ἐφείη·
392 752 502 836 διχῶς,
526 752 728 836 καδέφείη.
751 754 792 819 A.

145 857 217 917 637.
248 854 288 917 οἵ
313 875 393 918 που
420 849 551 937 δεῦρ’·
579 849 687 932 οὕτως
706 850 925 941 Ἀρίσταρχος,
954 855 1049 974 ἄλλοι
1073 861 1167 928 δέοι
1154 867 1170 890 ‘'
1282 855 1288 862 ’

58 977 140 1019 που
160 957 247 1018 νῦν.
270 954 313 1018 A.
337 953 468 1042 [κακως
487 955 540 1045 V.]

144 1057 215 1120 681.
246 1051 353 1134 οὕτως
379 1051 589 1139 Ἀρίσταρχος
619 1059 778 1142 ίδοιτο,
814 1054 854 1123 τά
886 1053 967 1125 ὄσσε
999 1060 1164 1146 δηλονότι.

60 1157 113 1221 Cf.
136 1157 207 1221 BV.
946 1213 948 1220 .

149 1261 221 1321 721.
242 1241 453 1341 μένοντες·
472 1253 714 1343 Ἀριστοφάνης
735 1262 859 1337 δυϊαοῦς
879 1257 1063 1345 μένοντε.
1083 1266 1125 1331 A.

147 1363 231 1436 [751.
255 1353 355 1422 οῦδέ
372 1359 415 1423 τέ
431 1383 510 1442 μιν.
547 1355 787 1454 Ἀριστοφάνης
806 1359 907 1426 οῦδέ
925 1365 964 1427 τί
983 1390 1061 1449 μιν.
1086 1369 1140 1446 V.]

601 1521 643 1588 Σ.

148 1625 264 1710 1611.
309 1644 347 1710 ἐν
374 1670 414 1733 τη
434 1640 566 1712 Ριανοῦ
585 1648 640 1712 καί
659 1643 921 1732 Ἀριστοφάνους
942 1649 1005 1720 οῦκ
1029 1646 1115 1740 ησαν
1136 1661 1170 1725 οί

61 1755 100 1836 β,
123 1755 203 1827 ίσως
224 1748 296 1814 ἐπεὶ
316 1742 379 1814 οῦιι
401 1771 445 1833 ην
466 1744 698 1832 Μυρμιδὼν
683 1773 701 1815 ο
724 1748 935 1836 Πάτροκλος·
956 1755 1142 1842 Λοκρός
1104 1785 1168 1843 γαρ

60 1843 104 1937 ἦν
127 1851 160 1930 ἐξ
179 1847 370 1927 Ὀποῦντος.
389 1852 462 1914 δειν
480 1851 519 1914 δέ
539 1865 644 1934 φησιν
663 1844 681 1913 ό
699 1844 977 1939 Αρίσταρχως”
935 1880 1042 1937 ουτως
1064 1855 1169 1927 αῦτδν

61 1953 322 2039 παραδέχεσθαι,
350 1946 411 2015 τόν
443 1950 525 2033 μετὰ
559 1946 620 2016 τόν
648 1945 788 2036 ἄριστον
822 1959 891 2020 ταῖν
922 1959 1167 2044 Μυρμιδόνων.

63 2056 119 2120 καὶ
141 2053 224 2120 ιιατά
245 2076 339 2129 τινας
359 2051 395 2116 δὲ
409 2055 486 2116 ’των
508 2047 586 2136 μεθ’
609 2045 760 2138 Ὅμηρον
779 2050 909 2141 ’Ἀκτωρ
938 2055 955 2124 ὁ
976 2058 1085 2146 πατὴρ
1107 2068 1169 2128 τοῦ

62 2160 249 2240 Μενοιτίου
271 2153 401 2237 λέγεται
422 2155 538 2238 λαβεῖν
559 2159 722 2237 Αίγιναν,
750 2155 787 2220 ἐκ
808 2155 931 2240 ταύτης
952 2159 989 2226 δέ
1011 2163 1169 2245 γενέσθαι

64 2261 250 2323 Μενοίτιον
269 2257 324 2323 καὶ
345 2261 477 2340 οίιιησαι
500 2255 538 2320 ἐν
554 2249 720 2320 Ὀποῦντι.
767 2252 874 2335 οῦτως
901 2249 966 2324 οῦν
987 2265 1112 2344 γίνεται
1131 2257 1168 2328 τό

20 2357 22 2362 ’
62 2353 231 2423 ἀνέκαθεν
251 2356 446 2445 Μυρμιδων
467 2351 485 2424 ό
504 2353 707 2440 Πάτροκλος.
751 2356 893 2422 δύναται
915 2358 953 2425 δὲ
975 2360 1030 2426 καὶ
1052 2361 1171 2445 ἑτέρως

64 2455 294 2543 Μυρμιδων
279 2485 298 2526 o
320 2460 514 2546 Πάτροκλος
529 2458 688 2540 λέγεσθαι
703 2454 758 2522 διὰ
780 2455 818 2522 τό
840 2459 923 2542 μετά
943 2458 1003 2526 τόν
1023 2457 1170 2546 Ἀχιλλέα

62 2556 254 2644 ηγήσασθαι
277 2566 346 2626 τεόν
368 2554 611 2677 Μυρμιδόνων
649 2578 719 2635 πως
740 2557 788 2643 δέ,
810 2564 911 2644 φασί
939 2567 1038 2627 τοῦτο
1061 2583 1170 2628 πεπυ-

63 2664 184 2745 σμένος
212 2659 301 2780 παρά
325 2666 385 2746 τῆς
417 2654 540 2744 μητρὸς
561 2661 686 2742 ἔπεμπε
721 2657 782 2723 τόν
802 2660 1001 2745 Πάτροκλον
1032 2665 1078 2739 είς
1111 2657 1171 2726 τόν
1267 2682 1268 2685 ’
1342 2681 1347 2690 ·

64 2761 230 2846 πόλεμονς
249 2757 302 2828 ότι
321 2768 390 2827 κτλ.
413 2761 454 2826 A.

146 2868 194 2927 14.
218 2855 271 2940 άφ
292 2862 360 2927 ἐπὶ
381 2864 483 2945 νῆας
502 2852 746 2942 ίμεννοῦτως
761 2856 815 2923 αί’
812 2856 1033 2945 Ἀριστάρχου.
1049 2861 1087 2926 ἐν
1101 2861 1171 2926 ἐνί-

41 2989 117 3042 ,αις
136 2961 173 3029 δέ
195 2962 341 3048 φαύλως·
361 2966 463 3045 νῆας
484 2955 544 3025 ἐπ’
574 2954 627 3038 άφ
654 2962 771 3024 ίέναι.
794 2963 837 3026 Α.
881 2956 1091 3047 Ἀρίσταρχος
1116 2959 1171 3028 καί

46 3061 302 3148 ΙἈριστοφάνης
322 3051 375 3140 Ar
397 3062 460 3127 ἐπὶ
480 3066 583 3145 νῆας
600 3067 702 3146 ίμεν.
724 3062 797 3126 AV.

152 3169 203 3230 34.
248 3158 517 3247 άποτμήξειε·
565 3156 673 3240 οῦτως
711 3158 911 3246 Ζηνόδοτος.
961 3156 1172 3246 Ἀρίσταρχος

64 3261 309 3348 ἀπαμήσειε.
330 3265 371 3328 A.
396 3263 451 3352 (V.
474 3257 675 3346 άποτμήσειε
696 3262 887 3328 Aristarcho
909 3263 1081 3348 vindieat.)

147 3370 197 3431 39.
221 3361 239 3430 ό
259 3369 326 3430 τοῦν
341 3366 525 3449 Νηρηίδων
547 3361 646 3446 χορός
668 3364 892 3449 προηθέτηται
914 3361 969 3426 καὶ
994 3358 1083 3446 παρὰ
1104 3367 1173 3447 Ζη-

65 3466 194 3554 νοδότφ
218 3461 263 3543 ὡς
277 3461 467 3530 Ἡσιόδειον
490 3466 575 3547 έχων
596 3468 796 3548 χαρακτῆρα.
836 3453 981 3548 Ὅμηρος
1003 3457 1067 3545 γὰρ
1088 3457 1172 3528 κατά

64 3566 102 3633 ’τό
126 3565 246 3634 κοινόν
263 3562 407 3643 Μοῦσας
428 3565 516 3647 λέγει
533 3564 588 3630 καί
603 3567 809 3647 Είλειθυίας,
830 3558 905 3628 ἀλλ’
927 3559 991 3627 οῦκ
1013 3557 1171 3646 ὀνόματα.

67 3666 201 3753 γελοῖόν
223 3690 258 3733 τε
282 3665 314 3743 ἐξ
335 3660 499 3748 ὀνόματος
529 3666 741 3748 προθέμενον
773 3667 878 3729 είπεῖν
904 3659 1026 3744 πάσας,
1048 3656 1173 3743 ’ὥσπερ

67 3765 284 3852 ἀποταμόντα
306 3768 411 3831 εἰπεῖν
434 3767 625 3849 (ἐπαγαγεῖν
644 3767 760 3831 Lehrs.
783 3787 834 3850 ap.
851 3763 974 3828 Friedr.
995 3785 1027 3848 p.
1051 3763 1122 3824 281.
1141 3763 1174 3842 2)

68 3863 180 3934 ‘Amo
201 3862 234 3932 δ’
259 3868 296 3932 αί
311 3862 394 3930 κατά
416 3865 540 3950 βένθος
557 3861 638 3943 ἁλός
663 3865 832 3950 Νηρηίδες
854 3853 963 3946 η’σανῖ.
984 3856 1001 3926 ὁ
1024 3860 1061 3925 δὲ
1083 3865 1175 3924 Καλ-

47 4021 48 4024 .
69 3970 241 4051 λίστρατος
259 3959 340 4030 οῦδὲ
357 3966 394 4030 ἐν
415 3970 455 4051 τῇ
472 3959 647 4050 Ἀργολικῆ
670 3964 774 4048 φησὶν
796 3957 921 4038 αὐτοῦς
940 3960 1114 4044 φέρεσθαι.
1131 3958 1174 4022 Α.

68 4067 277 4132 Friedlaond.
306 4067 327 4130 1.
357 4068 378 4131 l.
408 4068 503 4140 huius
529 4066 646 4130 scholii
668 4073 794 4152 partem
816 4063 958 4149 priorem
979 4058 1176 4138 Aristonioo,

69 4169 284 4253 posteriorem
304 4166 450 4252 Didymo
472 4167 627 4230 vindieat.

152 4271 204 4332 40.
225 4261 436 4352 Ἀρίσταρχος
453 4266 553 4350 χωρίς
569 4269 632 4330 τοῦ
649 4273 675 4328 δ
684 4260 837 4345 Αλεια,
853 4233 1022 4417 παριῙιμην
1037 4250 1109 4321 ἅλα.
1133 4256 1175 4338 A.
