2858 4882
626 1319 673 1411 V.

251 1518 463 1600 DUBIAE
495 1521 648 1602 SEDIS
678 1523 1042 1606 FRAGMENTA.

631 1742 644 1800 1

174 1849 282 1916 Bekk.
305 1855 441 1918 aneodd.
471 1854 488 1917 I
517 1856 578 1918 374
613 1849 804 1936 ἀλάστωρ
832 1853 981 1920 -κατά
1009 1854 1046 1921 δὲ
1068 1861 1200 1923 Δίδυ-

89 1971 167 2032 μου
189 1946 254 2015 άπὸ
277 1957 339 2017 τοῦ
362 1965 431 2031 τοῖς
449 1949 575 2019 ἄλαστα
590 1953 776 2039 πάσχουσιν
795 1955 990 2041 ἐπαμύνειν.

174 2053 320 2119 Ukertus
332 2057 366 2120 in
380 2056 547 2121 Abhandl.
564 2057 595 2120 d.
616 2056 722 2120 sacha.
736 2057 917 2122 Gesellsch.
941 2059 972 2122 d.
994 2059 1198 2124 Wissenseh.

86 2153 147 2240 Ip.
161 2157 219 2217 108
243 2149 422 2237 εάλάστωρ
444 2159 547 2222 heisst
570 2158 628 2221 der
643 2157 803 2240 Daemon,
820 2160 854 2222 in
875 2182 911 2224 so
931 2161 1003 2223 fern
1027 2183 1062 2224 er
1077 2160 1198 2223 Frevel

88 2256 208 2320 straft?
232 2257 323 2321 Idem
336 2261 477 2325 conferri
499 2258 590 2324 iubet
600 2258 720 2322 Aeseh.
739 2258 831 2323 Pers.
846 2263 903 2323 351
922 2259 1021 2348 Soph.
1040 2260 1109 2325 00.
1134 2264 1196 2324 788

88 2355 252 2421 Plutarch.
265 2381 297 2444 p.
308 2362 398 2424 1582.
416 2364 491 2426 1621
511 2360 579 2423 Cic.
596 2362 635 2423 34
652 2359 692 2438 Q.
708 2359 766 2422 Gr.
782 2362 822 2423 25
840 2358 960 2424 Athen.
978 2359 1013 2421 II
1034 2382 1067 2446 p.
1081 2362 1121 2424 63
1143 2359 1195 2422 In-

87 2480 150 2522 εον.
164 2458 273 2545 Triop.
297 2484 329 2546 p.
352 2466 371 2524 4
395 2462 446 2526 ed.
470 2462 569 2526 Salm.
590 2485 621 2548 p.
642 2463 683 2523 22
707 2460 757 2525 ed.
772 2462 862 2526 Vise.
879 2462 977 2536 Paus.
999 2462 1016 2524 I
1039 2465 1079 2525 30
1103 2460 1193 2526 Suid.

87 2583 113 2623 s.
137 2583 169 2623 v.
197 2560 347 2642 Μέλητος
369 2562 452 2629 Poll.
474 2563 505 2626 V
528 2565 568 2626 26
589 2566 609 2643 ξ
633 2564 689 2625 131
711 2562 794 2628 Hes.
817 2573 858 2628 et.
882 2587 925 2627 m.

624 2719 654 2781 2.

170 2832 224 2896 Et.
253 2854 295 2895 m.
323 2834 439 2915 178,3
470 2833 542 2897 eod.
570 2833 645 2898 Par.
676 2837 759 2899 2630
787 2827 942 2916 άφενος
963 2870 1006 2882 -
1027 2824 1049 2915 ἢ
1069 2827 1193 2909 άπενος

85 2928 123 2998 τὸ
146 2928 191 3016 μὴ
214 2932 251 2996 ἐν
268 2936 381 3020 πενίᾳ,
411 2928 485 2999 ἀλλ’
508 2933 545 2998 ἐν
567 2939 744 3022 περιουσίᾳ
764 2932 950 3020 χρημάτων.
1091 2945 1092 2948 ’

619 3091 637 3153 3

169 3203 222 3269 Et.
240 3228 282 3269 m.
302 3207 426 3287 179,13
450 3204 536 3269 Gud.
553 3209 604 3289 97,
627 3209 667 3271 37
691 3206 799 3271 Oram.
814 3207 951 3270 aneodd.
974 3205 1036 3270 Ox.
1053 3205 1135 3289 137,
1152 3208 1187 3268 11

83 3315 125 3369 et.
149 3305 268 3390 Angel.
292 3305 353 3370 col.
380 3308 418 3368 12
440 3312 471 3392 p.
489 3306 575 3370 VIII
589 3308 640 3372 ed.
652 3307 810 3372 Ritschel.
831 3300 1190 3390 Ἀφροδίτη-δ’δὲ

84 3409 275 3490 Δίδυμος
299 3403 389 3491 παρά
417 3404 453 3471 τὸ
481 3402 589 3492 ἁβρὸν
615 3412 674 3492 τῆς
701 3411 845 3492 διαίτης·
874 3404 911 3472 τὸ
943 3402 1007 3490 γάρ
1036 3410 1142 3492 βιοῦ
1164 3430 1190 3489 φ

84 3509 245 3591 συγγενές
263 3509 363 3573 ἐστιν.
408 3510 513 3592 δῆλον
528 3510 564 3574 ἐκ
586 3515 648 3575 τοῦ
664 3506 744 3587 τούς
764 3507 964 3584 Μακεδόνας
984 3505 1044 3572 τὸν
1067 3513 1190 3572 Φίλιπ-

85 3633 151 3676 πον
176 3615 342 3675 Βίλιππον
368 3616 483 3675 καλεῖν
511 3611 566 3676 καὶ
592 3608 652 3677 τδν
670 3610 846 3696 φαλακρόν
864 3605 1036 3696 βαλακρόν
1055 3605 1189 3672 καὶτὸν

81 3707 286 3794 Κεφαληνόν
307 3709 508 3796 Κεβαληνόν
532 3712 587 3777 καὶ
611 3709 692 3788 τούς
713 3709 851 3798 Φρύγας
871 3710 1006 3794 Βρύγας
1028 3707 1083 3772 καὶ
1105 3704 1186 3784 τούς

80 3806 225 3895 ἀνέμους
237 3807 293 3876 διά
310 3808 348 3876 τὸ
371 3817 486 3900 φυσᾷν
509 3808 661 3897 φυσητάς
683 3809 782 3891 ὄντας
796 3811 930 3898 βύκτας.
955 3810 1009 3875 καὶ
1023 3804 1185 3892 Ὅμηρος·

81 3922 91 3952 ‘
99 3910 257 3998 βυκτάων
279 3907 412 3996 άνέμων
434 3913 593 3996 κατέδησε
616 3911 825 3992 κελεύθους)
860 3917 959 3996 διχῶς
981 3907 1017 3976 δὲ
1038 3903 1058 3993 ἡ
1082 3902 1188 3992 ἁβρο-

81 4016 221 4090 δίαιτος·
252 4007 304 4080 ὅτι
326 4015 380 4080 δεῖ
400 4008 486 4100 αὕτη
508 4010 564 4081 διά
586 4014 707 4092 κάλλος
727 4017 857 4099 χλιδῆς,
891 4009 912 4096 ἢ
936 4009 987 4077 ὅτι
1009 4009 1187 4094 κατεχόμε-

82 4137 137 4180 νοι
160 4118 200 4200 τῇ
223 4120 289 4203 θεᾷ
311 4109 409 4200 άβρολ
431 4115 486 4180 καί
509 4121 711 4192 πολυτελεῖς.
756 4111 845 4180 οὕτω
869 4117 1068 4195 Δίδυμος.

165 4215 217 4279 Of.
242 4224 283 4279 et.
297 4240 340 4280 m.
358 4222 426 4300 195,
443 4221 483 4283 36
502 4218 634 4298 Βέροια.
657 4215 775 4280 Valck.
794 4216 837 4279 ad
849 4215 929 4278 Hdt.
946 4213 994 4276 VI
1006 4217 1047 4274 45
1069 4235 1101 4297 p.
1123 4213 1184 4274 547

128 4338 287 4379 nmmos.
937 4313 978 4374 26
