2866 4882
1154 361 1213 424 301

107 519 167 600 τὰς
184 521 247 607 μὲν
264 522 301 587 ἐκ
322 523 493 606 Δωρίδος,
515 527 653 606 γνησίας
675 520 781 589 αὐτοῦ
798 527 989 609 θυγατέρας
1010 527 1214 611 νομιῒεσθαι,

107 622 165 701 τὰς
187 621 223 688 δὲ
246 624 279 700 ἒξ
301 617 413 687 ἄλλων
438 617 502 705 ἤδη
526 626 632 712 (deest
653 628 802 692 Eustath.
819 627 959 691 Phavor.
983 626 1123 713 Eudoc.)
1142 652 1216 695 κοι-

107 723 249 808 νότερον
271 726 441 807 Νηρεΐδας
462 731 648 793 καλεῖσθαι.
694 728 749 792 καὶ
770 722 828 804 τὰς
849 725 910 810 μὲν
931 726 1036 814 (vulg.
1061 723 1106 812 μὴ
1130 752 1213 795 corr.

107 826 259 912 Preller.)
284 828 422 909 γνησίας
439 849 460 890 ν
484 822 568 894 εἶναι
592 830 810 917 (scribebatur
832 831 905 912 καί,
931 850 1014 892 corr.
1034 828 1214 895 Vulcanius

109 937 141 992 et
161 929 249 992 idem
271 927 389 992 Valck.
417 929 581 995 animadv.
606 955 638 1016 p.
666 934 725 996 162
747 953 784 996 κε
805 929 836 994 h.
860 952 887 992 e.
916 929 1031 1015 XXV)
1059 927 1119 995 τδν
1139 929 1214 1014 ἀρι-

106 1026 215 1112 θμόν,
246 1030 381 1106 πλείους
403 1025 440 1094 δὲ
461 1025 519 1107 τὰς
540 1025 651 1109 ἄλλος.
696 1027 798 1097 ταῦτα
821 1047 903 1115 φησι
926 1032 1086 1109 Μνασέας
1112 1033 1214 1118 (lege-

106 1130 203 1195 batur
234 1131 422 1214 Μνασέαν,
470 1132 557 1218 quod
592 1135 740 1196 certatim
776 1133 989 1198 emendarunt
1024 1133 1215 1200 Maussacus

107 1232 270 1298 Meursius
300 1232 438 1296 Vossius
473 1232 661 1319 Fabricius)
692 1235 729 1297 ἐν
761 1244 830 1310 τοῖς
863 1231 938 1318 περὶ
965 1237 1023 1316 τῆς
1045 1230 1214 1319 Εὐρώπης

107 1328 168 1408 τὸν
194 1330 323 1417 τρόπον
353 1338 485 1398 τοῦτον.
536 1329 606 1397 εἶτα
630 1334 796 1401 ἐκτίθεται
824 1333 1003 1421 (subintell.
1033 1335 1212 1423 Didymus)

108 1431 165 1499 διὰ
187 1439 327 1519 μακρῶν
357 1433 418 1519 τὴν
447 1436 554 1518 λέξιν,
588 1435 643 1500 καὶ
672 1434 822 1520 ἐπιφέρει
860 1439 1013 1513 πιθανῶς
1047 1438 1212 1523 (Eustath.
1291 1489 1299 1510 ,

107 1530 257 1601 πιθανὸν
286 1525 364 1622 οὖν)
395 1533 452 1613 τὰς
479 1533 540 1620 μὲν
567 1534 603 1600 ἐκ
625 1540 702 1618 μιᾶς
725 1540 782 1620 τῆς
810 1540 965 1621 Δωρίδος
990 1539 1215 1623 μνησιωτέρας

107 1643 175 1702 τῶν
209 1632 321 1703 ἄλλων
350 1631 454 1714 οὔσας
490 1638 631 1720 Νηρέως
664 1639 855 1722 θυρατέρας
882 1639 1057 1724 λέγεσθαι,
1089 1636 1147 1717 τὰς
1178 1639 1215 1706 δὲ

109 1737 352 1817 συνεισοίκτους
384 1739 446 1824 (sic
480 1739 653 1804 Eustathio
684 1750 861 1826 praeeunte
899 1740 1044 1826 (iangius
1076 1764 1101 1804 s.
1121 1764 1154 1805 v.
1184 1749 1215 1805 et

106 1840 266 1904 Valckeu.
292 1865 324 1927 p.
348 1843 388 1904 98
411 1864 443 1904 n.
464 1843 521 1922 813
549 1840 721 1925 legebatur
742 1843 961 1929 συμμίκτους)
991 1835 1083 1930 αὐτῷ
1108 1839 1215 1924 μόνον

110 1941 209 2028 (malo
231 1937 313 2006 αὐτὸ
333 1938 453 2027 μόνον)
477 1943 655 2026 Νηρεΐδας.

192 2043 285 2108 Idem
306 2043 375 2106 fere
396 2051 605 2128 praeceptum
627 2052 807 2129 recoquunt
820 2044 968 2110 Eudocia
989 2044 1076 2110 Viol.
1099 2069 1131 2132 p.
1152 2049 1214 2110 306

107 2144 302 2208 Eustathius
322 2143 442 2230 Odyss.
467 2167 493 2208 ω
519 2147 618 2227 1945,
640 2147 658 2205 5
681 2176 722 2202 =
744 2147 821 2227 824,
845 2148 885 2208 23
908 2145 1084 2209 Phavorin.
1109 2146 1213 2229 Oang.

106 2245 205 2329 gloss.
228 2247 313 2310 med.
333 2255 365 2308 et
387 2243 446 2309 inf.
470 2244 587 2309 Graec.
610 2267 642 2308 v.
667 2245 888 2309 συνείσακτοι.

191 2347 315 2410 Locum
341 2354 483 2410 tractant
510 2345 670 2410 Valckeu.
698 2345 863 2409 animadv.
894 2346 948 2408 III
974 2370 1006 2432 p.
1039 2347 1214 2410 161-168

107 2435 230 2510 Neuius
251 2446 407 2533 Bacchyl.
438 2446 479 2510 fr.
502 2447 555 2510 IX
576 2472 608 2534 p.
638 2449 675 2510 18
699 2445 772 2510 coll.
794 2468 827 2531 p.
857 2445 1035 2512 9Preller.
1060 2447 1101 2510 de
1123 2447 1214 2510 Mna-

107 2568 164 2610 sea
188 2548 223 2608 in
248 2547 329 2612 diar.
361 2549 485 2635 antiqq.
509 2547 676 2632 Marburg.
703 2549 784 2610 1846
813 2569 845 2632 p.
870 2551 931 2610 674
950 2570 982 2610 n.
1008 2550 1068 2612 680
1089 2571 1132 2629 n.,
1159 2550 1215 2634 qui

107 2649 286 2713 rectissime
307 2649 430 2713 iudicat
453 2651 515 2714 sic:
537 2656 626 2714 ‘Alto
645 2658 711 2728 μαῖι
727 2653 869 2713 Mnaseas
889 2660 979 2713 etwas
999 2655 1046 2713 bei
1061 2654 1214 2728 Didymus,

107 2755 172 2812 ond
199 2756 445 2815 maursctee'nlict
473 2757 544 2815 sind
572 2774 603 2816 es
633 2756 817 2829 μοωδίιαίίοίι
853 2757 947 2815 dieses
982 2755 1216 2814 Grammatilcers

108 2854 259 2930 Εωοονμια
284 2859 353 2927 (τοία
374 2857 428 2932 bey
448 2858 593 2929 Polemo),
625 2858 721 2917 durch
740 2858 848 2916 melote
868 2873 924 2915 uns
943 2857 1018 2915 κοοΙι
1037 2872 1069 2914 so
1083 2858 1140 2914 viel
1159 2871 1214 2914 νοο
1328 2879 1332 2885 ·

106 2956 166 3015 itm
185 2957 319 3017 erbalten
340 2961 403 3018 σοι)

629 3140 688 3221 16.

282 3270 425 3350 Ἴωνος
444 3268 750 3358 Ἀμαμέμνονος
769 3271 1033 3356 έξημητικόν.

193 3427 424 3492 Commentarii
450 3429 485 3490 in
511 3429 600 3492 ionis
622 3427 901 3510 Agamemnonem
928 3426 1074 3488 meminit
1093 3423 1212 3488 Athen.

106 3527 158 3591 XI
185 3552 217 3614 p.
239 3529 345 3593 4681)
372 3527 445 3594 coll.
475 3528 624 3593 Eustath.
656 3530 752 3608 13011,
785 3529 802 3587 5
833 3521 1049 3589 δακτυλωτὸν
1078 3526 1214 3607 ἔκπωμα

107 3622 196 3692 οὕτω
219 3627 431 3714 καλούμενον
453 3626 543 3714 παρὰ
556 3623 648 3693 Ἴωνι
668 3628 705 3692 έν
723 3621 956 3710 Ἀγαμέμνονι·

235 3735 319 3795 οίσει
341 3727 378 3796 δὲ
399 3733 512 3816 δῶρον
532 3725 627 3807 ίίξιον
648 3724 861 3814 δραμήματος
939 3783 941 3787 ,

234 3830 370 3914 ἔκπωμα
391 3826 606 3896 δακτυλωτὸν
628 3821 794 3911 ἄχραντον
814 3829 907 3909 πυρί,

234 3933 361 3995 Πελίου
382 3924 456 4014 μέγ’
482 3920 600 4012 ἆθλον,
624 3926 798 4011 Κάστορος
820 3920 851 3990 δ’
876 3927 976 4009 ἔργον
997 3927 1122 3996 ποδοῖν.

102 4022 275 4112 Ἐπιμένης
289 4031 313 4113 ¹)
352 4027 413 4112 μὲν
445 4020 508 4094 οὖν
543 4023 660 4094 ἀκούει
691 4024 729 4092 τδ
764 4022 925 4109 ἄμφωτον
953 4021 1129 4108 ποτήριον,
1168 4026 1215 4099 εἰς

1 4227 2 4230 ,
179 4181 207 4247 l)
227 4185 272 4236 Sic
289 4185 323 4237 A.
336 4187 422 4236 Marc.
440 4187 537 4238 Venet.
553 4184 682 4234 Enstath.
703 4182 780 4246 1300,
788 4183 812 4232 5.
833 4181 938 4232 Nomen
961 4184 1002 4229 est
1021 4180 1214 4242 incorruptum,

105 4268 162 4318 vid.
182 4269 307 4320 Arrhian.
327 4271 367 4324 IV
380 4270 413 4321 13
431 4269 461 4323 C.
481 4271 505 4323 1.
523 4286 550 4322 n.
565 4269 632 4321 1793
650 4271 719 4333 Pap.
732 4269 790 4338 ¹lex.
811 4281 901 4318 onom.
919 4263 1024 4330 p..1ao.
1042 4262 1216 4328 Epimenides
