2858 4882
223 338 285 401 388

224 507 317 570 Phot.
346 501 426 567 bibl.
451 522 484 586 p.
508 501 584 579 319,
609 499 648 560 10
673 497 782 561 Bekk.
827 494 977 559 Eandem
1003 494 1202 558 sententiam
1229 493 1341 560 verbis

223 605 390 694 paululum
418 600 550 665 mutatis
576 599 681 662 nostri
707 599 893 661 testimonio
921 595 1063 659 affirmat
1092 605 1134 659 et.
1158 619 1204 659 m.
1228 598 1338 678 327,1

225 703 241 770 ε’
248 713 401 788 λεγεϊα·
416 700 654 782 -Δίδυμος
676 699 723 782 δέ,
745 697 796 764 δτι
812 693 868 764 διά
882 699 982 761 τοῦτο
998 700 1043 783 τῷ
1060 690 1196 783 ῆρωίκςό
1216 696 1340 785 (Gaisf.

223 801 337 894 ῆρρίφ)
368 802 508 888 ἐπῆδον,
532 794 577 875 ὡς
601 795 829 883 πεντάμετρον
844 799 906 892 ικαί
928 797 1130 881 λειπόμενον
1149 801 1214 862 τοῦ
1236 793 1341 882 ῆρωί-

224 910 289 972 κοῦ
310 899 438 992 (ἡρῴου
447 902 515 986 (1.),
532 897 734 983 μιμούμενοι
749 898 810 983 τῆν
826 894 1117 980 ἀποθνησκόντων
1132 895 1339 963 άπόπαυσιν.

225 1007 278 1072 ἐπὶ
309 1001 373 1088 γὰρ
401 1000 517 1086 μόνοις
541 1012 673 1084 νεκροῖς
697 999 798 1066 πάλαι
827 995 925 1085 ᾔδετο
954 993 1039 1082 πρὸς
1062 1005 1264 1082 παραίνεσιν
1287 1000 1341 1064 καὶ

225 1111 445 1190 παραμυθίαν
467 1107 535 1166 τῶν
556 1106 734 1184 συγγενοίν
755 1101 811 1166 καὶ
834 1105 942 1184 φίλων
962 1103 1023 1163 τοῦ
1045 1105 1245 1179 τεθνεῶτος.
1279 1102 1341 1165 Ne-

190 1267 194 1272 .
225 1232 287 1295 que
309 1208 463 1272 abhorret
485 1212 527 1268 et.
551 1203 638 1268 Gud.
665 1206 741 1286 180,
766 1207 821 1284 16,
844 1202 993 1288 quamvis
1016 1202 1052 1264 in
1069 1201 1250 1290 Didymeis
1274 1226 1341 1267 cor·

224 1318 369 1395 ruptum,
398 1306 587 1393 praemissis
609 1305 676 1368 his:
705 1303 891 1388 Δῆμολέων
921 1301 957 1366 δὲ
983 1303 1020 1367 ἐν
1041 1306 1086 1390 τῷ
1109 1304 1187 1387 περὶ
1208 1305 1340 1388 μέτρων

226 1407 315 1492 παρά
343 1403 380 1472 τὸ
410 1397 448 1472 εὖ
470 1404 580 1489 λέγειν
607 1400 687 1482 τοὺς
708 1408 896 1480 τεθνεῶτας
919 1397 939 1487 ῆ
962 1400 1051 1486 παρά
1073 1402 1111 1470 τὸ
1136 1407 1258 1489 ἔλεγον
1282 1401 1340 1471 τὸν
1402 1467 1404 1472 .

225 1513 376 1593 θρῆνον,
410 1529 493 1594 quae
520 1507 608 1571 haud
637 1508 705 1570 scio
735 1529 777 1569 an
799 1506 840 1570 ab
862 1507 933 1592 ipsc
955 1506 1100 1594 Didymo
1119 1509 1276 1594 apposita
1296 1509 1341 1570 in-

225 1611 353 1675 venerit
381 1608 595 1694 etymologus.
623 1646 667 1658 -
690 1607 855 1694 Didymus
885 1606 1119 1673 Chalcenterus
1153 1631 1207 1695 ap.
1238 1608 1340 1673 schol.

225 1714 284 1774 Ar.
314 1711 400 1772 Avv.
429 1711 490 1772 217
525 1711 680 1791 ἔλεγοι·
708 1709 742 1772 οί
770 1704 854 1788 πρὸς
881 1702 987 1773 αὐλὸν
1016 1705 1175 1796 ᾀδόμενοι
1202 1714 1341 1793 θρῆνοι.

225 1807 286 1874 τὸν
308 1805 371 1892 γάρ
398 1801 503 1872 αάλὸν
528 1810 695 1892 πένθιμον
718 1803 940 1891 ὑπειλῆφθαι.
974 1809 1057 1875 Dum
1078 1813 1129 1895 iis,
1154 1813 1212 1900 qui
1234 1811 1277 1876 ab
1298 1808 1345 1874 ἓὲ

226 1912 335 1993 λέγειν
351 1908 556 1991 derivabant,
573 1909 760 1996 Hesychius
778 1910 887 1974 facere
901 1910 1032 1975 videtur
1047 1913 1227 1999 νῆλέγφ·
1252 1909 1341 1995 θρῆ-

225 2035 274 2098 υῳ
295 2004 316 2094 ῆ
338 2012 449 2098 δεινῷ.
495 2010 609 2098 Neque
631 2010 803 2074 defuerunt
832 2011 888 2096 qui
907 2010 1064 2075 Asianam
1093 2014 1251 2078 vocabuli
1281 2014 1342 2078 ori-

225 2113 335 2195 ginem
358 2119 545 2188 statuerent,
568 2122 604 2175 ut
626 2133 730 2197 nuper
745 2111 928 2174 factumest
944 2113 978 2175 in
993 2113 1115 2177 annall.
1131 2115 1241 2179 Marb.
1261 2117 1341 2177 1853

226 2212 278 2276 XI
300 2234 332 2298 p.
347 2213 386 2275 88
399 2211 441 2294 D,
461 2237 491 2299 q.
503 2213 525 2275 l.
548 2212 585 2275 P.
601 2210 790 2274 Boetticher
812 2210 967 2275 Halensis
987 2213 1061 2278 coll.
1085 2214 1176 2278 Aric.
1198 2239 1233 2301 p.
1246 2219 1287 2279 34
1299 2216 1339 2279 N.

227 2315 262 2376 21
285 2313 413 2395 ἐλεγεία
432 2335 474 2377 ex
484 2313 683 2376 Armeniaca
697 2314 811 2397 lingua
828 2312 965 2396 derivat,
984 2314 1191 2402 explicatque
1206 2339 1341 2381 carmen

226 2414 269 2476 ad
292 2436 438 2498 organon
459 2421 544 2492 είίμιι
566 2421 730 2477 cantatum
759 2412 870 2498 (elegn
883 2446 923 2472 ·:.
936 2411 1099 2498 κάλαμος,
1123 2417 1286 2506 elegneay
1299 2451 1341 2478 =

226 2511 409 2597 καλάμινος
432 2510 586 2602 [αὐλός]).

765 2703 794 2764 2.

312 2819 420 2885 Schol.
444 2817 528 2881 Plat.
552 2818 655 2902 Legg.
679 2819 745 2905 Ip.
765 2819 870 2882 63οΑ
891 2840 923 2904 p.
940 2821 1001 2882 488
1020 2819 1129 2883 Βε11.
1154 2820 1231 2902 περὶ
1253 2819 1340 2886 Θεό-

226 2923 341 3003 γνιδος
366 2921 421 2984 καί
448 2923 506 3002 τῆς
535 2913 608 2983 κατ’
632 2913 737 2982 αὐτὸν
765 2920 910 2999 ἱστορίας
933 2913 1117 3004 ἀμφιβολία
1139 2919 1247 3005 πολλῆ
1271 2924 1341 3005 ἐγί-

227 3044 324 3103 γνετο
346 3031 415 3096 τοῖς
438 3027 599 3098 παλαιοῖς.
624 3019 678 3084 καὶ
700 3021 735 3083 οί
753 3021 815 3103 μέν
837 3036 942 3102 φασιν
963 3015 1069 3083 αὐτὸν
1091 3020 1126 3084 ἐκ
1149 3023 1339 3105 Μεγαρέων

227 3123 432 3202 γεγενῆσθαι
454 3125 513 3203 τῆς
530 3118 687 3204 Ἀττικῆς.
731 3115 838 3196 οὕτως
861 3115 878 3186 ὁ
902 3123 1092 3202 Δίδυμος
1110 3121 1341 3206 ἐπιφυόμενος

226 3224 272 3306 τῷ
295 3217 451 3283 Πλάτωνι
475 3214 520 3296 ὡς
540 3226 816 3310 παριστοροῦντι,
838 3224 872 3286 οί
892 3220 928 3286 δὲ
951 3215 1001 3286 ὅτι
1025 3223 1061 3286 ἐκ
1084 3225 1251 3300 Σικελίας.

310 3318 537 3384 Differentiam
566 3319 688 3384 nullam
718 3345 789 3386 esse
817 3332 927 3386 monet
948 3321 1183 3409 Bernhardyus
1206 3325 1255 3390 lit.
1280 3327 1340 3391 Gr.

226 3421 301 3485 hist.
326 3419 360 3482 II
379 3440 410 3505 p.
435 3423 495 3486 367
519 3421 656 3507 Didymi
676 3421 765 3487 haud
787 3424 917 3488 oblitus.
933 3462 975 3471 —
995 3423 1100 3487 Usum
1122 3424 1216 3488 verbi
1238 3449 1339 3506 παρι-

227 3531 359 3602 στορεῖν
370 3521 534 3587 illustrant
541 3522 778 3588 Schneidewin.
793 3524 885 3611 Ibyc.
898 3548 930 3610 p.
941 3526 1011 3606 384,
1024 3527 1080 3611 qui
1092 3528 1235 3590 conferri
1248 3528 1340 3593 iubet

226 3623 312 3687 Plut.
327 3623 411 3709 plac.
425 3623 543 3710 philos.
559 3624 646 3686 1124
665 3629 816 3711 (subulam
829 3628 985 3714 narrare),
1004 3627 1148 3690 Meinelr.
1165 3627 1208 3690 ad
1226 3626 1339 3714 Steph.

226 3726 303 3807 258,
330 3727 348 3786 2
381 3727 426 3810 (v.
457 3723 614 3788 Ritschel.
644 3727 700 3790 Or.
723 3749 754 3813 p.
778 3726 844 3813 59),
872 3731 928 3814 qui
950 3727 1211 3810 scholsl'heocr.
1237 3754 1258 3792 α
1281 3735 1339 3794 117

224 3823 321 3887 Ηοιο.
342 3822 382 3886 Il.
403 3829 431 3888 Β
448 3827 509 3887 745
533 3824 627 3888 Phot.
651 3826 738 3890 Bibl.
760 3850 791 3912 p.
806 3829 855 3910 82,
874 3831 913 3892 20
933 3831 1094 3915 apposuit.
1121 3828 1219 3894 Adde
1236 3830 1338 3894 schol.

225 3924 322 3987 Hom.
350 3927 459 3989 Β612
488 3924 596 4010 Apoll.
625 3927 730 3996 Rhod.
760 3927 795 3990 11
820 3932 878 3992 160
900 3951 932 4014 p.
959 3933 1021 3994 133
1052 3929 1181 3994 Sohaef.
1211 3937 1340 4017 (moder

223 4031 374 4088 μάττοντ’
408 4023 543 4090 Corrad.
577 4028 620 4092 ad
652 4027 720 4092 Cic.
748 4051 798 4115 ep.
828 4030 871 4094 ad
897 4031 965 4094 Att.
993 4029 1043 4092 VI
1072 4035 1085 4093 1
1118 4030 1156 4093 Τ.
1181 4030 1197 4093 1
1219 4054 1253 4117 p.
1276 4035 1339 4096 508

225 4124 362 4210 Graev.)
384 4124 500 4189 11752
521 4150 553 4213 p.
577 4132 638 4192 504
657 4129 809 4193 Damasc.
834 4130 962 4195 Platon.
985 4154 1016 4218 p.
1033 4134 1137 4214 380,5
1162 4131 1213 4196 ed.
1227 4132 1337 4219 Kopp.

222 4251 266 4280 =
287 4249 319 4310 p.
344 4227 405 4288 257
429 4228 500 4292 cod.
524 4227 643 4292 Hamb.
688 4229 762 4293 Hoc
780 4231 974 4296 vocabulum
996 4231 1136 4297 fortasse
1164 4232 1338 4319 expulsum
