2752 4890
165 325 206 390 86

163 492 288 577 Unger.
308 483 413 554 Theb.
433 488 546 575 parad.
568 510 600 574 p.
617 489 675 552 182
696 483 839 552 Urlichs.
861 484 903 549 ad
920 485 1045 550 Achaei
1064 486 1105 550 fr.
1122 485 1228 552 XVII
1246 512 1278 576 p.

165 599 205 658 47
227 592 384 676 Wagner.
404 614 436 678 p.
464 595 504 653 54
526 589 577 655 εδ.
599 589 736 654 Vratisl.
756 597 863 673 lragg.
887 588 964 650 min.
1041 619 1042 624 1

250 692 331 758 Cum
354 693 404 757 his
426 692 587 757 Macrobii
607 692 830 772 consentiunt,
858 697 970 776 utpote
990 690 1104 754 eodem
1127 691 1279 756 exiente

164 795 321 876 derivata,
340 793 441 859 schol.
454 793 497 858 ad
509 793 588 858 Eur.
601 794 761 858 Androm.
777 797 836 858 167
847 815 880 878 p.
894 795 934 855 35
946 790 997 856 ed.
1015 787 1278 876 1111111611.Ἀχε-

164 899 254 984 λῷον
276 900 344 961 πᾶν
365 893 529 978 ποτάμιον
552 890 645 978 ὕδωρ
668 897 783 978 φασίν,
806 888 851 971 ὡς
873 895 960 975 δρῦν
978 897 1045 958 πᾶν
1060 893 1206 975 δένδρον
1222 893 1278 958 καὶ

164 991 339 1081 ἀκρόδρυα
376 995 504 1075 πάντας
539 992 620 1074 τούς
644 992 811 1078 καρποάςε
845 1035 892 1088 -.
920 996 1070 1059 1111111111.
1109 998 1206 1078 1367,
1237 999 1277 1060 39

165 1102 197 1165 εί
215 1094 260 1184 μὴ
281 1094 347 1180 ἄρα
368 1123 418 1176 τις
440 1094 485 1177 sig
508 1096 707 1182 προεγράφη
725 1093 883 1185 Ἀχελῷος
911 1092 1024 1175 άπλως
1044 1093 1080 1161 τό
1105 1092 1200 1180 ὕδωρ
1224 1097 1279 1164 καὶ

165 1201 324 1266 ἐνταῦθα.
369 1200 478 1266 Schol.
514 1201 611 1266 Hom.
648 1201 689 1265 Il.
716 1205 748 1266 Φ
777 1204 836 1264 194
862 1194 903 1264 Ἡ
934 1194 1134 1282 ἀρχαιοτάτη
1161 1195 1278 1279 Ἑλλάς

165 1302 242 1385 περὶ
262 1299 439 1386 Δωδώνην
461 1302 516 1367 καὶ
531 1299 683 1380 Σελλούς
701 1303 820 1386 ἔκειτο,
837 1297 923 1368 ὅθεν
941 1296 958 1366 6
973 1296 1131 1388 Ἀχελῷος
1151 1301 1279 1385 ίκρίων

165 1397 273 1470 62’A
241 1407 405 1482 Αίτωλίας
436 1407 481 1481 είς
510 1399 570 1468 τὸν
587 1397 810 1489 Ἀμβρακικὸν
833 1400 919 1490 ἐξῄει
951 1398 1132 1487 κόλπον,’
1118 1398 1214 1522 άχρις
1236 1392 1279 1467 οὗ

160 1501 325 1592 Ἡρακλῆς
346 1502 451 1572 αὐτὸν
469 1501 688 1592 ἀπέστρεψεν.
734 1505 888 1590 μέγιστος
910 1495 974 1569 οὖν
996 1509 1064 1568 τῶν
1087 1505 1192 1591 ταύτῃ
1214 1529 1278 1570 πο-

55 1639 56 1644 *
166 1628 280 1693 ταμων
303 1603 320 1672 6
338 1606 504 1696 Ἀχελῷος,
527 1604 580 1674 διὸ
600 1604 774 1692 Ἀχελώϊον
796 1612 865 1673 πάν
880 1619 1025 1692 πηγαῖον
1040 1603 1143 1690 ὕδωρ.
1165 1609 1221 1672 καὶ
1239 1604 1276 1673 τό

166 1713 203 1776 ἐν
225 1707 379 1796 Δωδεάνη
401 1708 438 1775 δὲ
455 1721 614 1793 μαντεῖον
632 1706 735 1776 ἅπασι
757 1721 825 1786 τολς
844 1720 1001 1794 χρησμοῖς
1022 1708 1152 1774 κελεύει
1173 1707 1276 1774 θύειν

163 1808 325 1900 Ἀχελῷῷ.’
352 1813 394 1878 V.
417 1811 634 1877 εο11ο1.Ηοο1.
659 1813 752 1876 1111
775 1817 838 1878 616
860 1805 881 1895 ἢ
906 1806 957 1876 ὅτι
975 1805 1132 1898 Ἀχελῷος
1155 1807 1278 1888 κοινάς

166 1922 312 1981 καλεῖται
341 1920 418 1979 πᾶν.
436 1909 541 1996 ὕδωρ.
585 1914 690 1977 ΑΒΙ).
719 1914 753 1977 oi
780 1911 816 1978 δὲ
842 1907 1003 2001 Ἀχελῷον
1024 1907 1207 1997 ὁμώνυμον
1232 1918 1277 2000 τῷ

167 2013 305 2106 Αἰτωλῷ
321 2012 408 2083 εἶναί
421 2040 457 2082 τε
472 2015 526 2098 καλ
549 2011 654 2095 άλλον
677 2014 752 2100 περὶ
773 2012 899 2098 Δύμην
917 2019 975 2098 τῆς
987 2009 1116 2098 Ἀχαΐας
1139 2015 1194 2080 καὶ
1217 2011 1277 2082 άλ-

52 2163 53 2166 =
166 2125 227 2184 λον
249 2117 324 2201 περὶ
346 2115 519 2203 Λάρισσαν
538 2123 596 2203 τῆς
623 2116 789 2208 Τρῳάδος.
828 2116 883 2182 καὶ
903 2120 972 2182 τεάν
993 2111 1277 2202 ὕδωρἈχελῷίόν

166 2238 280 2304 φασιν.
311 2215 329 2286 6
351 2218 416 2305 γάρ
437 2222 474 2287 ἐν
497 2217 652 2308 Δωδώνη
676 2216 758 2297 θεὸς
778 2215 969 2306 παρῄνεσεν
987 2213 1146 2308 Ἁχελάῷ-·
1161 2217 1274 2285 θύειν.

166 2319 251 2389 ὅθεν
273 2321 328 2388 καὶ
346 2321 520 2407 Ἀθηναῖοι
542 2324 597 2389 καί
616 2329 764 2407 Δυμαῖοι
786 2320 842 2389 καὶ
857 2316 976 2388 Ῥόδιοι
996 2319 1052 2387 καλ
1076 2326 1277 2388 Σικελιῶται

166 2420 272 2492 αὐτὸν
290 2429 441 2508 τιμῷσιν.
483 2418 684 2510 Ἀκαρνᾶνες
711 2423 748 2490 δὲ
777 2424 832 2490 καί
851 2419 967 2508 άγῷνα
988 2418 1079 2511 αὐτῷ
1101 2423 1277 2492 ἐπιτελοῦ-

166 2544 283 2596 σιν.--
296 2528 394 2594 Adde
411 2528 564 2594 Eustath.
587 2527 627 2593 Il.
650 2534 722 2613 500,
748 2534 789 2594 43
811 2534 844 2593 Δ
866 2533 926 2592 475
948 2526 1049 2592 schol.
1070 2527 1192 2614 Odyss.
1216 2552 1237 2610 χ
1261 2534 1274 2592 1

124 2673 131 2688 .
166 2621 323 2713 λίμνηνὸ
347 2623 574 2713 normiensis
595 2625 689 2713 ὕδωρ
714 2634 827 2714 φησίν.
865 2628 905 2693 In
926 2629 977 2692 his
999 2627 1149 2692 omnibus
1172 2628 1278 2718 Didy-

165 2753 257 2798 meae
274 2732 443 2797 doetrinae
465 2732 567 2797 latent
588 2734 739 2818 vestigia.

707 2907 737 2968 3.

251 3021 360 3085 Bekk.
388 3020 525 3084 anecdd.
551 3018 649 3084 Gnl
671 3043 703 3106 p.
729 3023 805 3102 349,
827 3025 846 3084 6
873 3014 1058 3102 Ἀηδόνα.
1083 3017 1152 3084 ἔστι
1176 3016 1277 3104 μὲνὴ

165 3119 271 3208 ὅρνις.
312 3121 349 3186 ἐκ
374 3124 565 3205 μεταφοράς
593 3121 629 3186 δὲ
656 3123 697 3186 ολ
723 3121 916 3205 τραγικοὶ
939 3117 1000 3204 τὴν
1023 3123 1186 3203 χλωττίδα
1209 3127 1278 3186 των

167 3229 267 3309 βοῶν,
293 3219 448 3311 (Ruhnk.
463 3218 590 3306 αὐλῶν,
613 3224 656 3288 cf.
674 3224 818 3310 Hesyeh.
843 3248 868 3289 s.
885 3246 917 3287 v.
939 3223 1190 3307 ίξηυλημένον.)
1210 3227 1279 3290 ἔστι

166 3322 199 3392 δ’
230 3323 318 3391 ὅπου
347 3323 403 3390 καὶ
431 3318 491 3389 τδν
512 3319 628 3390 αὐλόν.
673 3319 823 3407 ἡλέξις
844 3325 1046 3408 Διδύμον.
1072 3325 1278 3413 ¹Hesych.l

170 3433 228 3495 120
265 3422 442 3512 άηδόνα·
483 3429 667 3512 γλωσσίδα,
702 3431 933 3512 μεταφορικῶς
961 3420 1154 3511 Εὐριπίδης
1183 3431 1278 3494 ocer-

167 3533 246 3596 τιοδι
275 3527 330 3596 καί
358 3523 437 3606 τούς
461 3524 588 3606 αὐλοὺς
616 3529 653 3595 δὲ
681 3533 860 3607 λωτίνας
885 3524 1071 3612 άηδόνας
1106 3550 1172 3594 που
1201 3533 1277 3615 ἔφη.

166 3632 461 3698 Animadversione
490 3631 625 3717 dignum
653 3642 717 3714 est,
748 3630 991 3716 Diogenianum
1019 3630 1126 3717 videri
1154 3631 1278 3698 fontem

166 3755 232 3798 non
254 3732 390 3798 celasse.
419 3733 507 3800 Hinc
526 3756 578 3820 ap.
603 3743 645 3801 el.
664 3757 707 3798 m.
728 3758 753 3798 ε.
768 3756 800 3798 v.
825 3727 952 3815 άρνεία,
975 3753 1058 3820 quae
1077 3731 1278 3817 Diogeniani

166 3836 278 3920 glossa
296 3843 346 3899 est
345 3834 509 3921 ,legimus
529 3836 675 3901 additum
694 3837 856 3917 Δίδυμος.
883 3834 935 3900 Of.
953 3857 1067 3899 comm.
1085 3833 1125 3898 de
1140 3835 1276 3922 Didym.

165 3938 331 4025 (1851)p.
354 3940 404 4002 21
434 3941 476 4002 4⁰.
524 3939 757 4024 Fragmentum
786 3936 954 4024 Euripidis
982 3936 1091 4001 omisit
1119 3937 1276 4022 Wagner.

165 4041 245 4106 Eur.
261 4040 378 4126 fragm.
392 4063 424 4126 p.
439 4045 500 4105 755
517 4042 567 4106 εδ.
580 4041 659 4106 Did.
683 4043 769 4105 Hine
791 4041 931 4104 fortasse
952 4038 1102 4104 Minerva
1122 4039 1277 4146 tibiarum

163 4145 277 4208 invent
279 4142 331 4206 rix
354 4141 555 4230 Pamphyliis
578 4143 694 4208 Aeden
718 4143 816 4206 dicta.
840 4141 949 4227 (Hes.)
