2752 4890
107 383 167 445 ιον
558 391 886 474 -λ-ι,

190 552 263 614 546.
297 545 387 618 οὕτω
409 553 523 637 σφαέ
545 551 601 620 διά
621 559 716 624 τοδε
737 555 793 624 καὶ
815 556 946 641 πόρεν
963 554 1084 638 Ἰααός.
1116 555 1221 648 [οὕτω

106 650 162 716 καὶ
181 645 391 736 Ἀρίσταρχος
417 654 473 720 καί
491 649 721 747 Ἡρφδιανός.)
754 659 795 724 A.
841 659 1030 726 Novissima
1050 663 1221 748 Didymus

104 753 248 820 seribere
270 775 336 818 non
357 763 494 841 poterat.
539 756 662 824 Similis
683 759 759 826 huic
780 760 870 826 locus
893 771 943 828 est
960 763 989 837 Ξ
1009 765 1081 828 249.

189 858 274 935 [579.
319 852 375 921 διά
396 861 459 921 τοῦ
480 879 498 921 ο
521 851 835 945 ἀφυσσόμενοι.
857 861 912 944 V.]

191 951 300 1036 οὕτως
317 953 537 1044 Ἀρίσταρχος,
561 955 657 1028 ἄλλοι
676 960 713 1027 δέ
737 956 1040 1048 ἀφυσσάμενοι.
1063 965 1134 1029 ἐστι
1156 989 1222 1029 κα-

102 1055 268 1142 τάλληλον
289 1054 375 1143 πρὸς
394 1053 432 1124 τό
455 1065 579 1146 λείβου.
602 1064 643 1128 A.

638 1244 678 1330 Λ·

188 1371 237 1433 13.
262 1370 312 1432 14.
331 1403 374 1414 -
391 1363 447 1432 καὶ
469 1362 559 1451 παρὰ
578 1363 810 1453 Ἀριστοφάνει
831 1369 870 1434 δὲ
889 1366 1094 1454 ηθετοῦντο,
1126 1366 1220 1453 παρὰ
1295 1421 1297 1426 .

103 1467 282 1555 Ζηνοδότςο
300 1466 337 1532 δέ
360 1460 441 1532 οὐδὲ
458 1458 556 1552 ἦσαν.
583 1470 625 1534 Α.

187 1572 238 1635 26.
263 1569 300 1634 ἐν
322 1563 637 1658 τῇἈριστοφάνους
658 1574 909 1657 σμερδαλέοι
928 1571 972 1639 δὲ
989 1571 1221 1658 δράκοντες

103 1673 374 1754 ἐλειχμῶντο.
401 1672 443 1736 A.

185 1774 237 1836 28.
258 1767 365 1848 οὕτως
385 1767 496 1850 Ἰαιιεός
519 1770 614 1857 (τόἳ)
636 1773 842 1859 στήριξεν.
867 1777 908 1839 A.

183 1875 234 1940 38.
269 1867 328 1938 ἐπ’
352 1868 501 1941 αὐτοῦ·
532 1869 641 1954 οὕτως
657 1871 876 1961 Ἀρίσταρχος.
910 1872 1076 1960 γράφεται
1099 1874 1136 1942 δὲ
1159 1876 1219 1943 καὶ

103 1969 163 2041 ἐπ’
189 1969 308 2062 αὐτῷ.
331 1977 373 2040 A.
712 1985 715 1990 '
835 1973 840 1984 ⁴

187 2081 239 2141 40.
255 2070 363 2156 οὕτως
374 2078 411 2143 αί
418 2074 633 2163 Ἀριστάρχου
644 2074 711 2144 σδν
722 2081 810 2165 τῷρ,
824 2073 1148 2163 ἀμφιστρεφέες.
1161 2080 1220 2144 καὶ

100 2175 141 2244 τά
162 2173 386 2264 ὑπομνήματα
401 2178 439 2246 δέ
461 2191 655 2265 συμφωνεῖ,
677 2178 785 2263 λέγων
802 2180 849 2266 (2)
870 2179 908 2246 ἓν
929 2178 991 2263 μὲν
1011 2174 1096 2250 εἶναι
1117 2183 1218 2265 σῶμα
1330 2206 1333 2214 ·

103 2285 163 2348 τοῦ
181 2277 375 2366 δράκοντος,
396 2278 544 2365 τιεφαλάς
562 2279 600 2347 δέ
618 2291 706 2366 τρεῖς
721 2283 1029 2366 περιπεπλεγμένας
1044 2276 1217 2365 άλλήλαις.

102 2379 286 2468 ἡπάτηνται
306 2381 344 2447 δέ
365 2383 399 2450 oc
418 2382 519 2470 χωρὶς
539 2386 602 2448 τοῦ
623 2405 642 2466 ρ
662 2380 851 2466 γράφοντες
872 2382 905 2461 ἐξ
930 2382 1063 2449 ἐκείνου
1092 2387 1153 2469 ’τῇ
1179 2381 1214 2450 δ’

103 2486 156 2550 ἐπὶ
178 2483 240 2569 μὲν
262 2480 380 2567 Γοργώ
402 2487 619 2568 βλοσυρῶπις
637 2482 865 2568 ἐστεφάνωται
890 2485 972 2573 (36).
994 2485 1036 2550 A.
1242 2575 1243 2578 ρ

186 2590 250 2670 [55.
280 2587 486 2670 ἰφθίμους
506 2584 705 2669 κεφαλάς·
729 2579 835 2662 οὕτως
856 2586 892 2650 αί
907 2581 1133 2670 Ἀριστάρχου.
1162 2589 1217 2668 V.]
1244 2577 1250 2586 ’

186 2691 238 2753 72.
261 2681 369 2764 οὕτως
378 2681 589 2771 Ἀρίσταρχος
611 2682 632 2771 ἡ
647 2680 771 2770 ὑσμίνη
786 2683 844 2764 τὰς
859 2682 1005 2770 κεφαλάς
1022 2692 1096 2765 ίσας
1114 2683 1216 2772 εἶχεν.

101 2789 299 2874 ίσοετέφαλος
322 2781 367 2872 ἦν
393 2783 508 2866 αὐτοῖς
527 2782 547 2870 ἡ
568 2784 666 2873 μάχη.
699 2782 794 2856 άλλοι
815 2785 867 2854 δέ·
888 2792 979 2864 ίσας
996 2783 1031 2852 δ’
1055 2782 1218 2877 ὑσμίνῃ

102 2887 288 2977 κεφαλάς
307 2892 410 2974 ἔχον.
433 2890 476 2955 Α.

183 2998 234 3059 76.
256 2980 279 3078 ᾖ
284 3014 339 3076 χι·
359 2985 571 3076 Ἀρίσταρχος
591 2988 692 3074 χειρίς
713 2993 776 3054 τοῦ
797 3016 809 3056 ι
828 2989 865 3058 τό
886 2979 964 3074 ἧχι.
992 2991 1033 3055 A.

184 3097 320 3159 78-83.
343 3091 486 3172 τούτους
505 3093 561 3158 καὶ
573 3085 816 3176 Ἀριστοφάνης
829 3087 954 3175 ηθέτει.
978 3088 1067 3182 παρά
1089 3089 1126 3156 δέ
1144 3098 1216 3177 Ζη-

102 3192 231 3283 νοδότφ
253 3189 333 3260 οὐδὲ
356 3192 554 3278 ἐγράφοντο.
576 3193 618 3260 Α.
643 3191 695 3258 Of.
716 3198 739 3259 I
758 3195 809 3258 23.
833 3195 884 3257 24.
908 3195 959 3256 25.

187 3300 239 3363 92.
261 3292 463 3379 Βιήνορα·
481 3293 691 3379 Ἀρίσταρχος
713 3291 909 3379 Βιάνορα.
940 3296 1002 3364 Α..

187 3402 238 3464 94.
263 3435 303 3448 -
323 3395 513 3480 Ζηνόδοτος
533 3394 571 3464 δὲ
593 3391 741 3462 ἀντίον
761 3397 815 3462 ναί
834 3391 1087 3478 Ἀριστοφάνης.
1111 3394 1156 3458 A.

189 3504 258 3564 101.
282 3501 329 3583 βῆ
352 3493 384 3584 ρ’
402 3488 524 3564 Ἰσον·
547 3494 737 3582 Ζηνόδοτος
755 3500 817 3576 ἐξω
840 3501 940 3580 τούρ
960 3498 1010 3582 βη
1027 3483 1144 3560 Ἱσον.
1170 3494 1217 3581 μὴ

102 3600 308 3685 ἐμφέρεσθαι
333 3602 372 3667 δέ
399 3618 504 3685 φησιν
516 3592 544 3665 ·ὁ
564 3593 774 3684 Ἀρίσταρχος
793 3603 859 3668 νῦν
880 3598 919 3664 ἐν
938 3608 1008 3674 τοῖς
1028 3599 1217 3666 Ποσειδίπ-

101 3725 168 3767 που
192 3696 416 3786 ἐπιγράμμασι
434 3698 495 3767 τὸν
517 3699 684 3786 Βήρισον,
708 3695 781 3767 ἀλλ’
802 3700 839 3766 ἐν
860 3703 907 3786 τῷ
925 3697 1095 3784 λεγομένην
1112 3705 1217 3788 σωρῷ

101 3797 224 3886 εὑρεῖν.
248 3799 393 3887 εὔλογον
415 3805 455 3870 δέ
470 3819 576 3888 φησιν
595 3799 816 3888 ἐλεγχόμενον
831 3796 936 3866 αὐτὸν
953 3793 1146 3877 άπαλείυαι.
1172 3803 1215 3866 A.

183 3906 254 3968 103.
279 3901 428 3982 ἐόντας
447 3897 691 3988 Ἀριστοφάνης
712 3900 841 3968 ἐόντε.
863 3903 904 3966 A.
1039 3965 1041 3972 .

183 4007 252 4070 123.
287 4002 478 4088 Ζηνόδοτος
507 4000 582 4070 ἀντί
601 4008 663 4070 τοῦ
685 4006 921 4088 δαΐφρονος
939 3998 1063 4087 γράφει
1086 4000 1217 4070 νακό-

99 4127 277 4188 φρονος,
299 4101 453 4182 εὐτελοῦς.
477 4106 519 4168 A.
540 4107 597 4193 (ef.
611 4107 666 4190 Β.)
685 4106 811 4170 Poterit
832 4113 941 4196 autem
955 4105 1056 4170 etiam
1077 4105 1120 4170 ab
1140 4105 1218 4169 Ari-

99 4207 223 4271 stonico
243 4206 426 4293 profectum
447 4227 529 4270 esse.
552 4206 604 4272 Of.
627 4207 804 4272 Duen'tzer.
823 4205 948 4272 Zenod.
970 4228 1003 4292 p.
1017 4209 1047 4270 5.

185 4308 254 4370 128.
278 4304 431 4389 φάγον·
455 4303 563 4384 οὕτως
581 4302 801 4394 Ἀρίσταρχος,
823 4300 927 4380 άλλοιΙ
943 4306 980 4372 δέ
999 4304 1147 4389 φάγεν.
1173 4307 1215 4374 A.
