2866 4882
1135 371 1196 434 351

88 543 160 607 loeo
182 541 322 606 fortasse
344 532 427 603 ὅλον
456 546 532 601 ante
552 538 685 620 βιβλίον
704 537 831 600 incuria
851 535 979 602 scribae
999 535 1139 601 excidit:
1166 545 1201 600 at

87 644 174 708 hunc
196 663 262 706 non
282 640 483 724 singularem
500 637 620 702 librum
641 638 754 721 fuisse,
777 637 836 700 sed
856 645 984 722 partem
1006 645 1200 702 commenta·

88 746 130 808 rii
162 745 198 807 in
217 741 450 806 Demosthenis
484 762 532 804 or.
564 762 592 803 c.
614 739 759 803 Medont.
793 737 922 824 longius
951 741 1199 825 exspatiantem,

88 867 131 910 ex
143 843 404 930 Harpocratione
416 849 516 929 patet.
529 879 573 892 ·-
588 840 743 906 Fortasse
754 841 853 904 etiam
867 832 888 924 ἡ
900 838 976 922 περὶ
988 843 1057 904 τοῖν
1069 834 1200 926 ἀξόνων

87 948 156 1010 τοῖν
178 941 339 1019 Σόλωνος
366 936 557 1025 άντιμραφὴ
590 935 675 1022 πρδς
702 935 963 1026 Ἀσκληπιάδην,
996 963 1093 1027 quam
1111 941 1198 1007 Plut.

88 1048 147 1112 vit.
176 1046 286 1110 Solon.
316 1065 344 1107 c.
370 1047 383 1105 1
409 1035 652 1123 commemorat,
681 1063 698 1104 e
725 1043 956 1108 commentario
976 1042 1148 1108 Demosth.
1171 1065 1199 1108 e.

90 1148 250 1212 Aristocr.
274 1149 305 1226 ξ.
330 1145 370 1206 28
394 1143 568 1231 (Harpoor.
588 1146 648 1208 136
655 1193 664 1225 ,
685 1145 737 1230 16)
759 1145 905 1228 seorsim,
926 1146 1062 1210 utitem
1084 1145 1200 1227 dicam,

89 1247 256 1311 edebatur.
288 1283 331 1292 -
367 1244 521 1308 Ceterum
554 1237 632 1320 ὅλος
666 1253 698 1308 et
730 1247 845 1329 βίβλος
876 1245 1038 1312 vocabula
1070 1255 1201 1312 nectere

91 1355 330 1414 consueverunt
361 1347 535 1431 scriptores
558 1345 679 1410 Graeci
699 1347 913 1412 recentiores:
941 1369 968 1414 e.
982 1347 1022 1434 'g.
1047 1348 1199 1413 Clemens

89 1450 185 1516 Alex.
218 1447 336 1513 Strom.
368 1447 449 1534 Vp.
471 1451 529 1510 751
556 1447 584 1512 O
623 1442 711 1512 ὅπου
744 1470 782 1532 γε
814 1446 869 1512 καὶ
891 1443 965 1514 ὅλα
997 1453 1201 1534 βιβλία-

91 1551 349 1616 ἐπιδείκνυνται.
392 1546 593 1635 Theophilus
615 1551 649 1612 in
669 1549 788 1634 fragm.
812 1547 957 1633 Seguier.
982 1547 1093 1638 Steph.
1116 1551 1198 1638 Bya.

89 1651 203 1736 χερσὶν
225 1652 292 1728 ἑαῖς
320 1644 486 1732 Θεόφιλος
516 1644 614 1728 ὅλας
642 1644 809 1733 ἐγράψατο
831 1653 1013 1736 βίβλους.
1058 1651 1198 1740 Dionys.
1331 1652 1335 1658 ’

89 1754 197 1818 ΗεΙὶο.
230 1754 270 1818 de
301 1751 405 1816 Thue.
440 1751 539 1815 iudic.
562 1751 656 1816 1th
686 1746 760 1835 ὅλη
784 1747 861 1837 γάρ
887 1747 909 1837 ἡ
932 1755 1080 1840 βίβλος
1109 1748 1200 1820 οὕτω

90 1855 324 1938 συγκέκοπται.
368 1851 509 1940 Dionys.
532 1853 640 1918 techn.
663 1877 701 1941 p.
721 1857 781 1919 126
803 1855 854 1920 ed.
876 1852 998 1920 Schott.
1030 1849 1076 1920 δι’
1098 1849 1201 1921 ὅλου

88 1959 162 2020 τοῦ
193 1958 363 2041 βιβλίον
395 1951 629 2040 διοικούμενος
660 1957 826 2040 διοίκησίν
854 1978 930 2020 τινα
957 1954 1128 2042 τοιαύτην.
1157 1995 1201 2008 ·-

89 2058 205 2144 Itaque
227 2079 244 2120 e
266 2056 403 2143 Didymi
424 2078 565 2123 excursu
587 2057 711 2146 aliquo,
743 2065 779 2121 ut
802 2078 892 2122 more
914 2056 1076 2143 loquendi
1089 2079 1201 2123 recen·

88 2159 206 2223 tiorum
230 2158 392 2223 editorum
412 2167 497 2241 utar,
520 2158 563 2224 ad
583 2159 703 2224 librum
721 2159 836 2224 Iliadis
852 2159 941 2223 XIII
954 2161 1015 2224 863
1037 2159 1202 2225 fluxerunt

89 2260 177 2325 haud
199 2258 298 2326 dubie
321 2283 403 2348 quae
425 2259 571 2326 referunt
593 2259 704 2347 Steph.
726 2260 807 2348 Byz.
824 2281 857 2346 p.
877 2263 949 2342 344,
975 2260 1014 2321 12
1036 2256 1137 2324 schol.
1159 2259 1200 2323 V.

89 2386 121 2448 p.
145 2364 207 2428 368
220 2362 252 2445 b,
276 2363 316 2426 26
338 2370 382 2437 et.
400 2383 443 2425 m.
463 2361 536 2444 482,
560 2363 611 2425 25.

174 2462 299 2547 Quodsi
321 2463 399 2527 libri
424 2461 500 2545 περὶ
521 2463 705 2547 Καβασσοῦ
733 2463 889 2526 memoria
908 2482 974 2526 non
996 2461 1133 2544 suffieit,
1164 2469 1201 2526 ut

89 2564 271 2652 Didymum
303 2565 389 2629 inter
417 2564 621 2651 geographos
648 2577 767 2628 nomen
794 2561 979 2649 professum
1008 2584 1080 2626 esse
1112 2560 1201 2626 affir-

90 2688 224 2748 memus,
245 2668 315 2730 iure
336 2674 446 2729 nostro
468 2665 701 2750 dubitabimus,
719 2686 796 2728 num
816 2672 881 2727 tres
904 2663 968 2728 loci
989 2663 1056 2748 alii,
1078 2665 1113 2728 in
1130 2666 1200 2752 qui-

90 2766 150 2830 bus
173 2766 414 2853 ethnographus
430 2767 472 2831 ad
492 2765 755 2831 Alexandrinum
771 2765 1019 2851 grammaticum
1035 2774 1202 2853 provocat,

90 2868 132 2932 ad
152 2868 247 2934 huius
277 2890 378 2957 opera
406 2867 516 2954 aliqua
537 2867 758 2955 geographica
778 2889 820 2932 an
843 2869 1091 2936 commentarios
1116 2868 1201 2957 (rhe-

89 2969 223 3056 toricos)
245 2972 433 3056 respiciant.

105 3065 106 3068 '
174 3091 205 3134 ο.
242 3070 352 3158 Steph.
374 3072 456 3159 Bya.
472 3074 544 3155 486,
566 3075 585 3135 9
604 3069 650 3134 Μ.
675 3072 833 3149 Οίνοῦς
854 3075 1029 3156 πολίχνιον
1044 3077 1202 3138 Λακωνι-

89 3173 167 3256 κῆς,
193 3167 240 3249 ὡς
260 3167 461 3256 Ἀνδροτίων
488 3173 543 3238 καὶ
572 3174 770 3256 Δίδυμος.
817 3173 868 3238 Of.
893 3173 999 3248 Curtii
1019 3174 1219 3261 Peloponn.

91 3272 125 3336 II
144 3296 176 3360 p.
201 3276 273 3340 263.
298 3276 356 3339 321
384 3275 518 3357 (Athen.
540 3274 663 3360 Deipn.
686 3275 704 3337 Ι
725 3297 757 3362 p.
779 3278 816 3339 31
830 3275 870 3363 O)
885 3277 921 3364 ¹).
956 3299 959 3306 ’

173 3382 200 3440 b.
245 3375 356 3463 Steph.
376 3377 540 3465 Byrsae,
565 3381 579 3439 1
614 3378 808 3459 Δίδυμος
833 3376 872 3442 δέ
889 3394 1010 3463 φησιν,
1029 3373 1082 3444 ὅτι
1098 3374 1201 3464 Ἀθη-

90 3479 185 3553 ναίας
207 3477 365 3561 λέγουσιν
388 3474 461 3544 ἀντὶ
482 3481 544 3544 τοῦ
558 3471 716 3555 Ἀττικάς.
749 3471 779 3562 Ιὅ
803 3474 840 3543 δὲ
862 3475 1068 3561 Φρύνιχος
1098 3477 1202 3546 άνατ-

89 3575 185 3643 τικόν
206 3595 310 3662 φησιν
334 3574 500 3664 εἶναιτὴν
529 3573 649 3663 φωνην
675 3581 729 3643 καὶ
757 3576 938 3663 θαυμάζει,
962 3584 1032 3657 πῶς
1053 3575 1070 3644 ὁ
1094 3587 1202 3664 Φερε-

90 3674 213 3762 κράτης
241 3673 461 3758 άττικοάτατος
488 3672 537 3745 civ
562 3685 689 3767 χρῆται.
736 3680 948 3746 otentico.
975 3681 1084 3746 Bekk.
1109 3688 1159 3765 77,
1182 3688 1200 3746 5

85 3772 330 3866 Ἀθηναίαν,
366 3777 429 3847 οὐκ
456 3778 615 3866 Ἀττικήν.
666 3783 719 3848 Of.
752 3783 908 3848 Ritsohel.
942 3783 983 3846 de
1005 3784 1072 3848 Oro
1104 3807 1135 3870 p.
1162 3787 1201 3847 68
1277 3809 1280 3815 ’

91 3879 219 3948 Nauck.
238 3873 344 3948 Arist.
365 3884 447 3973 Bya.
469 3907 501 3972 p.
525 3886 585 3949 213
610 3895 677 3950 not.

98 4015 100 4020 v
147 4005 201 4048 c.
246 3983 357 4072 Steph.
385 3986 468 4073 Bya.
496 4010 528 4073 p.
557 3989 613 4070 72,
643 3992 661 4052 6
694 3992 882 4073 Δίδυμος
914 3983 951 4052 δδ
984 3990 1202 4070 παρατίθεται

161 4139 186 4206 1)
222 4142 275 4205 Qui
306 4142 378 4208 apud
418 4143 532 4194 eundem
563 4145 732 4197 Athenaeum
766 4146 867 4195 citatur
898 4159 925 4207 p.
956 4141 987 4194 31
1016 4149 1041 4196 Ι)
1073 4144 1202 4210 Alciphro

91 4225 265 4279 Maeandrius
284 4229 350 4278 mihi
368 4235 509 4295 suspectus
531 4235 588 4290 est,
612 4232 660 4282 aed
677 4232 763 4282 latere
781 4231 889 4282 videtur
907 4221 1091 4296 Μαιάνδριος
1109 4222 1124 4280 ὁ
1145 4231 1203 4281 Μι-

90 4306 198 4378 λήσιος,
216 4315 305 4380 quode
322 4317 379 4366 dixi
398 4317 426 4366 in
444 4333 539 4367 comm.
559 4315 593 4366 de
611 4317 757 4382 Tryphone
772 4333 798 4382 p.
816 4315 860 4366 34.
