2866 4882
211 378 273 440 282

211 545 335 611 Phoen.
359 549 420 611 283
449 545 514 611 vol.
538 545 570 610 V
589 568 622 631 p.
651 549 691 608 79
718 543 764 608 Μ.
785 583 827 592 —-
847 544 976 610 Acerbe
1003 547 1209 632 vituperatur
1230 558 1331 633 poeta

210 649 286 713 Tro.
305 654 341 712 14
364 652 501 732 ψυχροῖς
520 641 761 731 ήτυμολόχησε.
786 649 826 710 36
841 651 977 731 ψυχρῶς
996 651 1042 735 τῷ
1062 645 1197 738 θεάτρῳ
1217 667 1324 732 προσ-

209 750 396 831 διαλέχεται
421 751 499 838 (856
517 749 623 813 Andr.
646 748 723 836 613)
750 751 841 813 1042.
863 749 1064 814 tttslthes.
1092 753 1151 815 165
1176 757 1324 834 γελοῖον.

209 852 285 918 Tro.
308 856 369 918 986
397 848 567 919 άυοικεῑον
595 854 695 916 τοῦτο
723 854 785 915 πού
812 845 1048 935 ὑποκειμένου.
1085 855 1166 917 1023
1195 848 1327 938 εὐήθης

209 947 379 1039 ήἙκάβη.
409 957 471 1019 636
498 948 541 1018 οὐ
563 947 751 1036 στοχάζεται
778 957 847 1018 των
870 947 1104 1037 ὑποκειμένων
1131 952 1327 1038 προσώπων

210 1053 274 1121 κτὲ.
318 1055 434 1143 Neque
462 1057 496 1120 in
522 1055 673 1120 Medeam
698 1056 755 1142 qui
783 1062 1018 1120 commentatus
1039 1064 1093 1120 'ost
1122 1066 1239 1142 poetae
1271 1081 1327 1144 pe-

209 1159 323 1244 percit.
358 1159 419 1222 328
446 1157 634 1240 μέμφονται
658 1159 705 1243 τῷ
733 1150 910 1240 Εὐριπίδῃ.
945 1160 1007 1220 446
1038 1153 1326 1241 ἐπιλαμβάνονται

211 1253 410 1342 Εὐριπίδου.
437 1261 497 1323 535
520 1254 802 1342 ἐπιλαμβάνονται
818 1259 880 1322 τοῦ
897 1254 1147 1342 ἐπιχειρήματος
1169 1259 1228 1346 (cf.
1247 1260 1325 1325 Tro.

215 1362 321 1447 1003).
345 1364 404 1425 911
430 1355 472 1426 οὐ
493 1359 557 1444 γάρ
581 1362 707 1426 οἰκεῖον
728 1363 773 1446 τῷ
795 1354 965 1447 προσείπω
987 1359 1044 1446 (of.
1068 1360 1141 1425 Alc.
1162 1364 1236 1425 329.
1263 1363 1325 1425 363

211 1462 288 1526 Tro.
312 1463 400 1548 636).
425 1467 464 1526 57
489 1465 598 1545 σχῆμα
616 1463 856 1544 σολοικοφανὲς
879 1461 1016 1548 (Phocn.
1031 1462 1118 1546 283).
1143 1465 1182 1526 87
1205 1479 1326 1544 περισ-
1401 1457 1403 1464 ’

210 1561 269 1640 σός
288 1557 305 1628 ὁ
322 1565 440 1646 στίχος.
465 1566 526 1627 889
547 1557 610 1627 οὐκ
629 1557 813 1645 άναχκαῖον
828 1551 871 1645 ήν
886 1567 991 1626 ταῦτα
1007 1564 1125 1645 λέγειν.
1151 1567 1192 1627 97
1212 1559 1325 1646 άσύμ-

211 1688 310 1747 φωνα
340 1659 436 1728 ταῦτ’
473 1664 543 1728 ἐστι
576 1675 658 1742 τοῖς·
675 1658 742 1728 ὑπὸ
773 1667 830 1746 τής
869 1660 1092 1747 πρεσβύτιδος
1125 1665 1323 1749 εἰρημένοις.

211 1771 273 1830 666
296 1760 497 1848 εὐεπίφορος
517 1768 563 1842 είς
585 1761 622 1830 τὸ
644 1767 755 1847 λέγειν
775 1761 892 1846 σοφός.
935 1764 1001 1828 Vin
1022 1767 1172 1851 exempla
1187 1787 1205 1828 e
1221 1766 1323 1831 schol.

210 1869 254 1932 ad
290 1867 492 1932 Alcestidem
525 1869 644 1954 petita,
685 1867 928 1932 animadvertas
967 1867 1025 1932 hos
1058 1867 1147 1932 locos
1181 1869 1244 1929 225
1277 1867 1324 1931 Μ.

212 1969 385 2055 (Androm.
411 1971 490 2032 1217
512 1969 574 2032 VR
591 1969 673 2032 Hec.
691 1971 752 2033 240
775 1967 849 2032 coll.
869 1967 1004 2055 Didym.
1023 1968 1127 2032 Andr.
1146 1968 1223 2053 867)
1247 1967 1323 2033 ΑΙο.

212 2075 272 2136 238
296 2065 364 2134 οὐκ,
383 2062 432 2135 εὐ.
477 2066 561 2134 κατά
586 2066 650 2154 γάρ
677 2065 740 2152 τήν
762 2063 932 2136 ὑπόθεσιν
955 2062 1000 2146 ὥς
1020 2069 1088 2134 ἐστι
1110 2065 1325 2153 πραττόμενα

211 2175 265 2237 δεῖ
281 2159 387 2236 ταῦτα
407 2179 630 2256 θεωρεῖσθαι,
658 2192 742 2258 quae
763 2171 792 2233 si
812 2170 1043 2256 Aristophanis
1064 2171 1218 2258 Byzantii
1238 2181 1323 2255 sunt,

209 2284 246 2339 ut
272 2274 502 2338 Lachmannus
529 2273 764 2355 arbitrabatur,
800 2273 869 2335 eius
898 2270 1001 2335 verba
1025 2271 1113 2336 haud
1142 2273 1242 2338 dubie
1265 2295 1324 2336 sua

109 2437 111 2440 .
210 2376 290 2441 fecit
310 2376 479 2462 Euripidis
500 2376 680 2440 cavillator.
714 2374 787 2438 Alc.
811 2378 872 2437 797
896 2368 964 2446 οὐκ·
983 2368 1130 2456 εὐλόγως
1152 2374 1257 2460 (vulg.
1281 2370 1325 2438 οὐ

211 2474 314 2565 λόγῳ)
337 2474 398 2541 τὸν
419 2470 513 2560 ἥρωα
535 2473 689 2559 εἰσήγαγε
711 2478 978 2560 φιλοσοφοῦντα,
1001 2469 1043 2541 ,δυ
1064 2477 1131 2540 ἔδει
1145 2473 1201 2538 καὶ
1216 2471 1324 2540 α”λλου

212 2581 484 2662 φιλοσοφοῦντος
513 2579 707 2654 διαπαίζειν.
752 2579 793 2641 In
821 2577 985 2641 cumulum
1007 2577 1141 2640 accedat
1163 2577 1323 2642 Androm.

215 2685 293 2745 1054
326 2675 454 2745 οὐδέν
485 2674 561 2762 εἰμ’
597 2674 843 2763 ἀπωλόμην·
881 2679 1053 2762 ἐγκαλεῖ
1081 2679 1234 2760 Δίδυμος
1268 2683 1325 2743 καὶ

212 2777 436 2866 εὐεπίληπτόν
463 2797 546 2865 φησι
569 2776 628 2845 τὸν
651 2775 755 2844 αὐτὸν
779 2779 815 2843 ἐν
836 2775 939 2845 πάθει
961 2775 1043 2845 ὅντα
1063 2779 1176 2861 ’λέγειν
1199 2774 1325 2845 *οὐδέν

212 2887 295 2967 είμι,
319 2881 455 2968 φρούδη
477 2881 539 2965 μὲν
559 2876 675 2964 αὐδή’.
710 2877 800 2962 παρά
819 2884 867 2967 τῷ
881 2875 1014 2968 Ὁμήρῳ
1039 2882 1087 2967 (ΡἸ
1100 2884 1161 2944 695
1184 2884 1206 2946 δ
1227 2883 1323 2962 704)·

212 2979 295 3072 (δήν
316 2984 355 3048 δέ
368 2987 426 3065 μιν
443 2978 594 3067 άμφασίη
613 2982 720 3047 ἐπέων
735 2980 846 3063 λάβε’.
869 2985 889 3062 ξ
912 2975 986 3046 ἀλλ’
1010 2981 1081 3045 ἐκεῖ
1100 2977 1163 3046 οὐκ
1186 2976 1322 3059 αὐτὸςὸ

212 3081 347 3167 πάσχων
375 3087 494 3166 φησίν,
522 3079 596 3148 ἀλλ’
625 3083 738 3166 ἕτερος
768 3073 843 3163 περὶ
870 3077 987 3145 αὐτοῦ.
1033 3081 1115 3146 (lum
1144 3083 1195 3146 his
1222 3085 1325 3168 igitur

211 3185 292 3249 locis
321 3187 349 3248 si
376 3184 581 3248 contenderis
610 3185 792 3270 Didymum
824 3184 867 3247 ad
896 3184 976 3247 Eur.
1010 3183 1114 3247 Andr.
1144 3187 1217 3260 329.
1250 3190 1324 3252 363.

212 3289 273 3350 867
297 3284 433 3349 dubium
456 3307 528 3348 esse
548 3286 608 3349 vix
628 3286 748 3370 poterit
773 3286 851 3370 quin
873 3285 914 3349 ab
938 3286 1000 3373 lroc
1015 3288 1086 3371 ipso
1101 3288 1326 3370 grammatico,

212 3385 371 3473 quidquid
394 3385 518 3449 scholia
540 3384 582 3470 ad
601 3386 840 3450 imminuendas
856 3386 1024 3473 Euripidis
1045 3386 1158 3451 laudes
1176 3388 1325 3471 afferunt,

155 3550 157 3554 ,
211 3487 394 3575 profectum
412 3488 470 3570 sit,
495 3489 687 3572 praesertim
712 3509 786 3550 oum
810 3477 979 3573 Sophoclis
1004 3489 1101 3552 etiam
1130 3497 1228 3575 atque
1251 3490 1327 3554 Ari-

213 3589 380 3675 stophanis
411 3589 496 3652 Ach.
530 3593 592 3654 450
625 3590 820 3676 interpretes
851 3577 1069 3676 antiquissimi
1106 3589 1284 3676 (Didymus
1293 3592 1324 3675 ?)

211 3689 335 3753 nullam
353 3688 423 3752 fere
438 3691 641 3754 occasionem
653 3689 846 3775 Euripidem
861 3689 1039 3754 vellicandi
1053 3692 1325 3774 praetermittant.

212 3790 266 3854 Ab
297 3790 393 3854 huius
420 3789 521 3872 igitur
552 3790 816 3855 cavillationibus
831 3807 832 3810 ’
846 3793 902 3878 qui
923 3791 1142 3877 tamquam‘in
1159 3793 1326 3877 praesidio

186 3931 188 3935 ,
211 3902 327 3979 poetae
346 3890 523 3955 collocatus
546 3901 648 3956 artem
669 3891 837 3978 Euripidis
857 3892 1013 3973 defendit,
1036 3892 1064 3954 is
1080 3892 1226 3977 Didymi·
1241 3914 1325 3958 oom-

212 3993 389 4057 mentarios
412 3992 579 4083 etiamtum
600 3995 760 4079 inspicere
781 3994 886 4079 potuit
908 3990 1023 4078 (schol.
1038 3993 1143 4075 Andr.
1158 3994 1266 4078 1054),
1290 3995 1325 4058 id

213 4092 300 4178 quod
328 4099 433 4174 vetat,
466 4115 507 4157 ne
534 4095 569 4157 in
597 4093 746 4157 labentis¹
761 4092 928 4157 doctrinae
950 4101 1098 4181 tempora
1121 4094 1324 4160 detrudatur.

213 4193 292 4255 Post
305 4192 442 4277 Didymi
454 4213 547 4256 curas
560 4192 710 4278 Euripidi
724 4213 855 4279 operam
870 4193 1000 4257 dedisse
1013 4194 1132 4257 scimus
1143 4193 1302 4258 Alexan
1314 4233 1325 4245 -

213 4291 326 4356 drum
341 4294 518 4379 quendam,
540 4283 677 4360 Lchrsio
694 4292 816 4359 arbitro
833 4294 869 4358 in
886 4301 1023 4382 quaestt.
1043 4295 1125 4381 cpio.
1135 4317 1168 4380 p.
1184 4297 1222 4358 13
1247 4294 1321 4360 οο-
