2894 4890
210 346 272 408 246

295 514 635 602 Hypomnematistam
663 512 750 578 hunc
776 513 962 600 aDidymo
991 513 1093 600 probe
1122 514 1326 600 distinguen-

211 619 288 683 dum
308 637 380 680 esse
402 616 498 680 docet
522 623 563 679 et.
583 637 627 679 m.
651 636 683 698 p.
708 617 784 697 145,
806 617 862 696 42,
891 616 947 701 qui
977 617 1011 678 in
1033 614 1098 678 fine
1119 615 1211 680 addit
1233 610 1325 682 οὕτω

210 720 364 800 Δίδυμος
387 715 453 781 καὶ
493 710 782 800 Ἀλέξανδρος,
826 715 913 779 idem
956 726 1065 781 tamen
1107 715 1231 781 scholia
1260 719 1325 782 Eu·

210 819 338 906 ripidea
371 821 443 904 ipsa
483 838 549 880 non
594 816 690 899 adiit,
742 816 800 880 sed
837 816 946 880 hausit
986 839 1003 879 e
1037 816 1205 882 Methodio
1247 818 1326 904 (quo

210 921 251 988 de
282 944 317 984 v.
342 941 458 984 comm.
489 918 543 981 111
570 941 603 1004 p.
630 921 663 979 11
691 918 739 1005 n.)
775 917 817 981 ab
845 926 976 982 auctore
1006 919 1103 981 etiam
1137 939 1325 1004 synagoges

211 1020 414 1086 Baohmanni
441 1020 458 1083 I
486 1043 518 1106 p.
541 1024 617 1100 144,
641 1020 682 1081 27
705 1019 820 1100 citato,
850 1020 905 1105 qui
928 1018 1116 1106 compilavit
1137 1018 1325 1084 Palamedis

211 1121 351 1187 Eleatici
371 1118 461 1198 λέξιν
483 1117 643 1204 κωμικήν.

294 1221 421 1287 Hecub.
449 1224 623 1287 719—721
658 1219 707 1284 IV
736 1243 767 1304 p.
799 1222 857 1284 168
885 1219 930 1283 M.
962 1217 998 1284 τά
1029 1221 1065 1286 δὲ
1094 1216 1323 1305 δάστηνεὸ

210 1321 398 1408 Δίδυμός
418 1339 502 1407 φησι
528 1317 612 1405 πρὸς
638 1316 699 1386 τδν
721 1316 929 1405 Πολύδωρον
950 1320 1061 1405 λέγειν
1087 1317 1149 1405 τήν
1167 1318 1324 1408 Ἑκάβην,

210 1417 401 1507 άδάστηνε
424 1420 627 1504 Πολύδωρε·
655 1415 804 1504 ἐμαυτήν
832 1417 895 1504 γάρ
919 1422 1020 1506 λέγω,
1045 1422 1215 1504 δύστηνον
1237 1421 1325 1491 άτιο-

210 1522 359 1591 καλοῦσά
384 1540 433 1589 σε.

296 1627 366 1711 (17)
390 1625 451 1688 830
471 1622 564 1687 codd.
588 1623 671 1688 Ven.
688 1623 775 1687 Flor.
790 1624 826 1686 21
853 1625 930 1710 (p.8
952 1625 1121 1709 Witzseh„
1140 1627 1188 1691 IV
1209 1650 1242 1713 p.
1261 1632 1323 1694 192

208 1726 341 1812 Matth.)
364 1719 433 1802 τάς
454 1717 635 1806 ἀνάγκας
658 1723 698 1786 οί
716 1718 836 1806 νόμοι
858 1720 1076 1809 διώρισαν·
1100 1721 1172 1792 -ὁ
1198 1726 1235 1794 δὲ
1257 1733 1323 1796 Δί-

210 1830 339 1911 δυμος
361 1820 469 1902 οὕτως
493 1827 578 1911 (οοδ.
603 1819 678 1911 οὐ)
702 1827 831 1908 μᾶλλον
854 1819 1000 1908 ὤφειλεν
1023 1830 1140 1912 εἰπεῖν,
1165 1822 1217 1894 άτι
1240 1828 1322 1908 τούς

208 1924 336 2011 νόμους
364 1929 401 1992 αί
425 1921 569 2008 άνάγκαι
591 1927 806 2007 διορίζουσιν.
851 1927 887 1990 οιί
913 1922 977 2009 γάρ
1002 1923 1145 2012 ἀνάγκαι
1175 1929 1322 1998 καὶτῶν

209 2025 325 2112 νόμων
352 2027 437 2092 είσλν
463 2027 750 2108 ἐπικρατέστεραι,
776 2021 839 2111 οὐχ
867 2029 902 2092 οί
928 2026 1026 2111 νόμοι
1050 2035 1119 2094 των
1146 2023 1319 2114 άναγκοίν.

209 2131 263 2195 καί
287 2134 353 2195 νῦν
375 2118 439 2194 οὖν
454 2123 654 2194 τούναντίον
675 2122 777 2192 εἶπεν.

294 2233 364 2319 (18)
388 2234 449 2295 879
469 2229 517 2292 IV
536 2250 568 2314 p.
593 2231 653 2292 204
667 2228 712 2291 M.
738 2225 805 2292 καὶ
827 2230 993 2322 Λήμνου
1015 2225 1157 2312 άρδην.
1180 2273 1223 2281 -
1245 2227 1262 2297 ὁ
1284 2234 1321 2300 δέ

208 2335 400 2417 Δίδυμος
433 2326 539 2395 οὕτω·
574 2328 743 2413 Πελασγοὶ
776 2331 973 2413 ἑτιθέμενοί
1004 2353 1084 2395 κοτε
1118 2344 1188 2410 ταῖς
1218 2329 1323 2419 Ἀθή-

208 2457 282 2510 ναις
317 2429 464 2509 τιολλοδς
485 2434 554 2496 τάν
576 2429 615 2508 ἐξ
628 2425 784 2512 Ἀθηνῶν
803 2424 1014 2513 άρτιάσαντις
1036 2425 1163 2514 ἤγαγον
1187 2436 1234 2512 είς
1250 2440 1322 2520 Λή-

207 2557 312 2619 μνον,
333 2532 370 2596 έυ
393 2524 443 2610 οἷς
465 2531 520 2596 καὶ
543 2541 704 2613 γυναῖκας
724 2526 889 2615 Ἀττικάς,
918 2523 970 2608 αἷς
993 2537 1169 2599 παλλακίσι
1192 2536 1320 2618 χρησά-

152 2676 177 2727 .'
207 2660 303 2720 μενοι
326 2637 425 2720 ἔσχον
457 2635 585 2709 παῖδας.
631 2626 692 2709 οδς
717 2633 754 2696 αί
772 2632 910 2715 μητέρες
931 2636 1000 2696 των
1027 2657 1062 2699 τε
1084 2638 1238 2719 πατέρων
1256 2637 1320 2722 τήν

207 2742 358 2820 γλῶτταν
380 2735 434 2802 καὶ
459 2729 499 2800 τά
522 2728 591 2817 ήθη
614 2733 786 2810 ἐδίδαξαν·
816 2733 851 2796 οί
867 2730 904 2798 δὲ
928 2733 1137 2820 συνήρχοντο
1161 2733 1236 2802 τότε
1257 2737 1321 2805 άλ-

208 2837 337 2924 λήλοις,
360 2837 415 2902 καὶ
436 2842 470 2903 εί
488 2860 537 2913 τις
557 2833 677 2900 τύπτοι
699 2827 758 2897 ἆτ’
784 2827 899 2898 αὐτοῖν
921 2860 995 2901 τινα
1017 2835 1189 2923 ἐβοήθουν
1210 2834 1320 2906 άπαν-

207 2963 270 3016 τις.
294 2941 348 3005 καὶ
370 2934 451 3022 μετά
475 2940 580 3002 ταῦτα
599 2936 635 2999 αί
656 2931 802 3017 Λήμνιαι
826 2933 1084 3017 γυναῖκες’τοδς
1108 2938 1173 3004 συν
1194 2936 1320 3007 Θόαντι

206 3035 333 3116 πάντας
360 3034 569 3104 ἀπέκτειναν.
616 3029 661 3100 δι’
693 3030 867 3118 άμφότερα
890 3026 954 3101 οὖν
984 3035 1131 3124 ταύταν)
1160 3046 1321 3126 παροιμία

206 3135 329 3220 ἐδόθη,
354 3133 394 3200 τά
416 3135 549 3218 Λήμνια
571 3132 666 3200 κακά.

293 3237 364 3324 (19)
394 3239 485 3300 1995.
512 3229 554 3299 τδ
577 3229 653 3318 γάρ
673 3227 900 3320 ὑπέγγυον,
930 3240 1117 3322 Δίδυμος
1138 3237 1258 3328 οὕτως,
1282 3241 1320 3309 τδ

205 3332 348 3421 άληθές,
371 3338 493 3420 φησίν,
526 3329 605 3399 οὔτε
626 3331 714 3419 παρά
737 3341 777 3423 τῇ
799 3341 890 3424 δίκη,
915 3333 993 3404 οὔτε
1016 3337 1106 3424 παρά
1135 3355 1204 3420 τοῖς
1224 3352 1319 3422 θεοῖς

206 3439 353 3524 έμτιεσδν
372 3431 577 3520 άφανίζιται.
621 3440 721 3502 τοῦτο
750 3437 786 3503 δὲ
808 3436 864 3504 διά
887 3435 947 3504 τὸν
968 3443 1235 3530 Πολυμήστορα,
1266 3441 1319 3512 ὅτι

206 3541 317 3624 μέλλει
340 3543 590 3624 τιμωρηθῆναι,
614 3541 747 3623 πρῶτος
767 3534 951 3625 άρξάμενος
973 3545 1041 3606 τῶν
1063 3539 1209 3610 άτόκων.
1240 3548 1320 3634 (Hic

205 3642 295 3707 locus
318 3643 404 3728 fugit
427 3643 588 3707 Ritterum
607 3641 742 3727 Didym.
769 3663 880 3728 opusc.
904 3667 936 3730 p.
958 3645 1025 3729 39.)
1072 3695 1074 3698 .

726 3812 790 3900 14.
875 3800 878 3806 ’

432 3922 726 4010 Ὑπομνήματα
748 3922 1087 4014 Ἀριστοφάνους.

750 4051 764 4109 1

288 4140 341 4205 De
354 4141 454 4208 schol.
467 4144 509 4208 ad
521 4145 608 4209 Plut.
622 4149 693 4210 -550
714 4145 768 4212 καί
783 4146 820 4212 ἐν
842 4151 882 4232 τῇ
900 4142 1012 4214 Ἰλιάδι
1034 4149 1244 4237 σαφέστερον.
1266 4150 1320 4220 οί-

205 4230 300 4321 δενή
323 4235 405 4305 κατά
427 4245 583 4324 Δίδυμου
605 4245 693 4311 infra
714 4248 920 4333 explanatius
944 4249 1060 4317 dicam.
