2812 4868
186 323 227 383 44

187 491 222 552 in
253 485 387 551 brevius
419 493 601 550 contractas
630 486 678 550 ita
703 486 932 572 componebat,
963 495 998 550 ut
1024 485 1094 550 fere
1127 486 1173 568 ei,
1206 507 1305 572 quam

187 591 292 676 primo
314 587 385 651 loco
405 596 550 673 poneret,
573 609 667 653 suum
689 585 850 652 calculum
871 588 1039 654 addidisse
1057 587 1234 670 videretur,
1256 588 1303 650 in·

189 691 290 776 digno
311 698 421 754 tamen
442 711 484 754 ne
507 710 546 753 ea
568 690 700 776 quidem
724 711 880 776 oppressa
900 690 1047 771 silentio,
1069 689 1122 753 cui
1143 689 1304 754 minorem

187 795 258 879 ipse
282 789 548 877 probabilitatem
570 789 739 856 tribueret.
785 791 901 878 Itaque
922 791 1173 856 Eratosthenem
1196 790 1304 877 Lyco·

186 896 407 981 phronemque
429 913 508 978 prae
530 896 647 957 ceteris
670 914 743 956 eum
764 892 977 975 consrduisse,
999 915 1073 957 cum
1091 914 1150 979 per
1173 914 1209 956 se
1229 915 1304 978 pro-

187 995 296 1061 babile
320 997 376 1078 sit,
410 1002 480 1058 tum
510 993 730 1080 compluribus
767 992 810 1058 ad
839 993 1002 1081 liquidum
1039 1016 1091 1058 me
1123 995 1303 1081 perducere

187 1120 284 1186 posse
308 1097 509 1183 argumentis
532 1095 676 1178 confido,
703 1096 880 1184 dummodo
909 1096 971 1161 hoo
995 1096 1075 1160 mihi
1096 1096 1303 1180 concedatur,

188 1221 254 1264 non
282 1206 438 1286 excerpta
463 1197 624 1285 quaedem
652 1218 669 1261 e
695 1196 833 1284 Didymi
858 1199 969 1263 nescio
1001 1196 1118 1285 quibus
1142 1219 1304 1262 commen-

189 1301 281 1365 tariis
315 1298 544 1387 amplioribus,
578 1300 636 1364 sed
668 1308 797 1387 praeter
832 1297 990 1382 τραγικὰς
1023 1300 1121 1364 etiam
1155 1298 1304 1382 κωμικὰς

189 1402 292 1479 λεξεις
322 1401 474 1486 Didymi,
508 1423 588 1487 quas
621 1403 842 1486 composuisse
875 1423 949 1466 eum
981 1401 1066 1465 Orus
1096 1411 1211 1466 auctor
1245 1411 1303 1485 est,

190 1527 301 1569 omnes
324 1504 358 1568 in
380 1502 539 1591 Hesychii
561 1506 715 1590 congerie
738 1506 857 1569 inesse.

721 1678 772 1742 25.

275 1794 365 1878 Age,
386 1801 424 1857 ut
445 1793 610 1878 geminum
631 1794 815 1881 exemplum
832 1816 988 1880 promam,
1011 1794 1181 1862 audiamus
1198 1797 1302 1885 Didy-

102 1917 105 1924 “
190 1919 279 1960 mum
295 1895 416 1960 Athen.
430 1892 480 1957 IV
496 1916 528 1980 p.
551 1894 646 1960 1390
664 1917 734 1983 sqq.
769 1899 873 1960 ταῦτα
895 1892 957 1979 μὲν
979 1889 997 1960 ὁ
1019 1896 1194 1979 Πολέμων.
1218 1893 1302 1980 πρὸς

191 1993 232 2064 ὃν
257 1991 442 2079 ἀντιλέγων
466 1995 658 2077 Δίδυμος
681 1991 699 2060 ὁ
730 1994 1023 2080 γραμματικός
1051 2036 1087 2046 -
1116 1995 1302 2084 διαρρήδην

190 2097 317 2182 λέγων,
339 2093 442 2181 μάζας
463 2095 501 2160 ἐν
520 2103 591 2172 ταῖς
612 2103 725 2164 κοπίσι
748 2101 995 2179 παρατίθεσθαι
1008 2102 1160 2164 -τοῦτο
1183 2095 1248 2182 γάρ
1272 2101 1305 2166 ολ

191 2200 336 2289 βάρακες
354 2201 533 2283 δηλοῦσιν,
560 2192 821 2281 οὐχὶτολάπας,
848 2195 893 2278 τάς
914 2218 998 2284 φησι
1021 2198 1260 2286 Λυκόφρων
1283 2198 1303 2286 ἢ

192 2301 231 2370 τά
254 2297 504 2388 προφυράματα
527 2303 596 2364 των
617 2302 744 2384 μαζῶν,
765 2294 810 2377 ὡς
829 2295 1112 2388 Ἐρατοσθένηςί).
1159 2303 1302 2370 Consen·
1340 2385 1343 2390 Ι

190 2409 230 2472 tit
250 2405 331 2470 Hcs.
347 2405 435 2469 1691
457 2399 657 2485 Βάρακος·
681 2398 721 2465 τά
743 2399 988 2488 προφορήματα
1009 2409 1068 2489 τῆς
1089 2401 1212 2489 μάχης,
1229 2412 1303 2472 Ἀτ-

192 2507 279 2574 τικοὶ
306 2505 344 2571 δὲ
371 2497 521 2590 βηρικας.
567 2506 665 2587 δηλοῖ
690 2499 727 2568 δὲ
757 2502 812 2567 καὶ
840 2503 900 2570 τὸν
922 2503 1052 2590 λύπην,
1086 2507 1139 2572 oui
1156 2506 1228 2573 loco
1247 2509 1305 2572 im·

190 2617 302 2697 pactas
329 2605 474 2671 maculas
502 2605 672 2690 detergere
700 2605 808 2671 studet
829 2605 966 2674 Salmas.
989 2631 1065 2674 cxx.
1093 2608 1180 2690 Plin.
1199 2632 1232 2696 p.
1253 2613 1303 2692 90,

191 2709 404 2777 rescribendo
424 2704 684 2790 προφυράματα,
706 2703 817 2791 μάζης,
839 2704 900 2792 τὴν
922 2706 1117 2795 τολύπην).
1144 2711 1306 2776 Suocedat

191 2814 324 2878 tertium
347 2809 533 2897 exemplum
552 2808 763 2874 simillimum.

722 2981 772 3042 26.

250 3101 317 3180 ,In
349 3097 481 3164 scholiis
514 3096 557 3160 ad
589 3096 648 3161 Ar.
678 3097 800 3186 Vespp.
831 3099 892 3163 239
925 3099 1043 3163 citatur
1064 3099 1239 3187 Lycophro
1263 3125 1306 3167 ex

192 3202 420 3269 Eratosthenis
442 3200 651 3264 auctoritate:
681 3201 751 3262 Τοῦ
769 3195 938 3283 κορκόρου
958 3195 1060 3283 πρὸς
1078 3199 1150 3268 τὸν
1170 3202 1306 3268 Λυκό-

261 3392 287 3459 1)
312 3391 355 3443 Cf.
374 3389 544 3455 Bernhardyi
561 3388 703 3441 Eratosth.
723 3390 827 3444 XLVII
844 3408 872 3456 p.
886 3392 937 3445 233
953 3409 1013 3458 sqq.
1033 3394 1235 3444 -Praeterea
1253 3394 1306 3445 huc

193 3464 311 3546 pertinet
334 3477 455 3544 Hesych.
486 3477 500 3527 Ι
524 3492 551 3540 p.
578 3475 627 3527 691
657 3468 766 3544 βάρβαξ
785 3478 799 3528 I
815 3493 841 3543 p.
862 3481 913 3530 724
943 3470 1047 3546 βήραξ,
1076 3481 1163 3531 Bekk.
1190 3481 1304 3532 anecdd.

193 3567 207 3617 Ι
225 3583 252 3632 p.
272 3567 338 3628 226,
359 3567 372 3616 1
399 3569 434 3615 et.
454 3581 489 3615 m.
510 3563 561 3616 188
573 3584 609 3608 =
623 3563 686 3627 171,
706 3564 749 3616 311.
767 3565 895 3616 Eustath.
915 3567 996 3630 1414,
1016 3565 1059 3617 29.
1073 3593 1108 3604 -
1125 3567 1188 3618 Vid.
1209 3569 1304 3634 Steph.

194 3654 276 3704 Thes.
295 3655 358 3704 Par.
377 3653 406 3703 H
424 3653 494 3704 fasc.
510 3653 525 3703 1
542 3668 571 3717 p.
591 3651 640 3723 115
666 3653 786 3703 Lobeclr.
808 3653 942 3719 Aglaoph.
961 3654 991 3704 ΙΙ
1015 3670 1042 3718 p.
1063 3653 1205 3706 1064-9.
1228 3654 1305 3708 1071.

195 3740 276 3803 1076,
301 3741 348 3805 qui
373 3756 433 3790 cum
457 3730 560 3807 βάρηξι
586 3739 726 3804 aptissime
753 3741 893 3794 contendit
917 3734 1059 3805 θιάρονας
1081 3741 1148 3792 Ηοο.
1172 3741 1238 3794 Ath.
1262 3744 1306 3794 111

193 3843 220 3893 p.
242 3827 337 3878 114Β.
362 3853 394 3863 -
419 3826 513 3876 Fluxit
537 3825 646 3891 quidem
670 3826 782 3892 Didymi
808 3827 876 3877 satis
900 3827 1016 3878 verbosa
1039 3827 1196 3892 adnotatio,
1224 3839 1305 3894 quam

192 3914 291 3965 Athen.
311 3911 360 3964 l.l.
378 3913 544 3963 adverbum
564 3914 760 3978 transscripsit,
782 3930 814 3964 ex
832 3915 962 3978 ampliore
980 3914 1097 3979 quadam
1114 3913 1232 3966 hominis
1252 3916 1305 3965 dis-

192 4001 348 4065 putatione,
368 4014 422 4064 qua
438 3999 611 4049 Polemonem
631 4001 836 4065 grammaticum
855 3997 921 4064 (vid.
940 3999 1052 4049 Preller.
1071 3999 1175 4050 Polem.
1194 4017 1222 4066 p.
1244 4001 1304 4067 137)

195 4087 359 4152 exagitavit3
384 4086 432 4135 sed
450 4101 582 4136 summam
599 4087 657 4136 eius
676 4087 704 4136 in
723 4087 854 4136 comicum
870 4083 978 4136 lexicon
996 4087 1207 4152 transmigrasse
1224 4086 1304 4138 fidem

193 4173 261 4224 facit
275 4173 404 4222 instituta
420 4172 555 4224 Athenaei
572 4172 771 4238 Hesyschiique
789 4173 965 4237 comparatio.

264 4259 290 4325 2)
309 4259 343 4310 In
360 4259 428 4310 Hes.
447 4257 531 4310 1654
550 4274 598 4323 pro
616 4248 728 4323 άχαίας.
748 4249 839 4316 λάπας
856 4258 918 4326 lego
937 4249 1039 4324 άχαίας
1057 4248 1225 4316 τολύπας.
