2894 4890
560 359 755 420 -X-
1154 359 1213 423 173

184 533 235 596 48.
257 526 367 606 οὕτως
375 520 587 610 Ἀρίσταρχος
601 520 656 590 διὰ
671 528 733 590 τοῦ
748 547 767 588 τ
781 519 891 610 τούς,
908 517 1003 590 άλλοι
1019 522 1056 589 δέ
1071 524 1152 608 οὕς.
1169 533 1210 599 Α.

184 652 235 712 51.
274 649 312 712 αλ
345 641 411 712 άπδ
434 643 581 712 πόλεων
614 643 735 708 παιδὶ
763 645 864 728 φίλῃ
898 636 974 709 άντὶ
1003 651 1066 711 τοῦ
1096 654 1213 719 παιδί

100 749 242 830 γέρων.
263 750 304 814 Α.

186 869 236 930 69.
257 861 524 950 πυλαωρούς·
540 859 1034 951 Ἀρίσταρχοςθυραωρούς,
1049 869 1212 955 θυροφά-

99 971 211 1042 λακας.
240 967 282 1031 A.

187 1072 238 1133 73.
261 1063 370 1145 οὕτως
387 1063 598 1152 Ἀρίσταρχος
619 1061 676 1131 διά
698 1071 767 1131 τῶν
788 1064 852 1133 δύο
874 1092 896 1152 η
916 1069 1066 1158 φανήῃ.
1088 1073 1131 1137 Α.

186 1172 237 1234 83.
260 1165 369 1247 οὕτως
391 1168 448 1233 διά
468 1173 532 1233 τοῦ
553 1192 582 1252 τ,
604 1173 645 1232 εί
664 1169 766 1234 ποτέ
780 1193 857 1235 τοι.
880 1172 922 1235 A.

185 1272 237 1335 85.
257 1268 351 1336 ἐών·
375 1267 483 1346 οὕτως
502 1264 723 1355 Ἀρίσταρχος,
743 1265 839 1337 ἄλλοι
858 1271 895 1336 δὲ
917 1268 1001 1338 ίοίν.
1024 1276 1066 1340 A.
1095 1278 1146 1343 Of.
1168 1281 1208 1346 B.

183 1389 234 1450 93.
266 1388 352 1453 ἐνιαι
373 1389 410 1453 δέ
433 1391 502 1452 τῶν
524 1387 607 1453 κατὰ
630 1387 745 1465 πόλεις
768 1383 824 1453 διά
850 1393 911 1454 τοῦ
933 1414 955 1454 ν
975 1386 1209 1480 ὀρέστερον

98 1483 155 1549 καὶ
177 1479 251 1551 άντὶ
272 1492 336 1553 τοῦ
356 1488 475 1574 μένῃσι
498 1487 663 1576 δοκεύφ.
682 1492 723 1555 A.
748 1491 786 1554 έν
807 1506 874 1555 τισι
896 1496 964 1556 τοῖν
986 1487 1053 1558 άπὸ
1076 1493 1209 1561 πόλεων

97 1580 330 1674 ὀρίστερον
352 1585 486 1674 ἄνδρα
507 1589 691 1657 δοκεάοι.
713 1593 755 1657 A.

183 1708 252 1771 108.
275 1708 462 1793 κέρδιον·
485 1710 522 1773 αί
537 1705 619 1774 κατά
641 1705 749 1794 άνδρα
771 1710 953 1776 κάλλιον.
974 1714 1016 1778 A.

186 1811 256 1872 109.
273 1814 618 1875 κατακτείναντα·
632 1812 741 1896 διχῶς,
754 1809 1148 1882 καὶκατακτείναντι.
1165 1821 1206 1884 A.

184 1911 253 1976 118.
281 1897 493 1996 Ἀρίσταρχος
514 1905 836 1978 ἀποδάσσεσθαι
858 1915 913 1978 διὰ
935 1920 998 1980 τοῦ
1022 1938 1047 1978 ε.
1071 1917 1112 1981 A.
1139 1917 1204 2008 [V.]

189 2017 258 2079 121.
284 2011 392 2091 οὕτως
410 2014 511 2097 χωρὶς
532 2017 595 2077 τοῦ
615 2015 636 2077 δ
658 2009 763 2078 ἀλλὰ
785 2017 852 2098 τίη
872 2039 952 2099 μοι.
972 2016 1013 2080 A.

185 2137 255 2201 129.
278 2137 331 2198 30.
361 2127 456 2196 ὅττι
475 2128 662 2216 τάχιστα·
695 2133 732 2197 ἐν
752 2127 867 2209 ἄλλοις
888 2128 999 2217 ὄφρα
1021 2131 1205 2217 τάχιστα.

96 2243 198 2304 τοῦτο
219 2238 255 2302 δὲ
273 2233 339 2301 κτέ.
358 2234 400 2297 A.
424 2234 558 2319 Recepi,
581 2233 669 2320 quod
689 2233 731 2297 ab
753 2237 853 2298 τοῦτο
876 2233 916 2298 δέ
927 2233 1099 2298 Nicanoris
1116 2235 1207 2300 seho-

97 2342 166 2406 lion
188 2339 312 2425 incipit.
591 2420 594 2426 Ι

187 2461 256 2523 197.
301 2449 620 2538 ἀποστρέψασκε
657 2453 716 2518 καλ
751 2453 1117 2540 παραστρέψασκε,
1153 2459 1206 2522 δι-

96 2564 172 2644 χῶς.
205 2562 247 2622 A.

184 2661 255 2724 198.
275 2651 384 2735 οὕτως
402 2653 457 2722 διὰ
479 2659 542 2721 τοῦ
565 2678 581 2720 ε
602 2654 758 2720 πέτετο.
781 2657 823 2721 Α.

182 2776 254 2841 202.
290 2769 576 2855 ὑπεξέφυγεν·
614 2756 825 2856 Ἀρίσταρχος
855 2765 1128 2855 ὑπεξέφερεν.
1161 2777 1203 2842 A.

99 2872 156 2963 [ἵν’
173 2867 195 2962 ᾗ
214 2871 335 2960 ὅμοιον
357 2878 402 2960 τῷ
425 2867 530 2956 εὑπὲρ
550 2871 714 2938 θανάτοιο
737 2872 901 2956 φέροντα’
925 2873 1127 2961 (11.0628).
1147 2878 1201 2966 V.]

180 2995 252 3059 251.
275 2996 382 3058 δίον·
403 3016 455 3076 γρ.
477 2995 532 3056 καὶ
554 2993 655 3073 δίες,
678 2989 733 3055 καὶ
752 2983 859 3066 οὕτως
879 2984 1022 3092 εἶχονιαί
1033 2994 1204 3074 χαριέστε-

97 3119 162 3178 ραι.
186 3096 227 3160 A.

183 3197 267 3285 [294.
287 3191 445 3261 ἐκάλει·
469 3196 506 3259 αί
521 3197 590 3258 τῶν
612 3188 744 3256 πόλεων
764 3186 872 3274 ἐβόα.
897 3192 951 3280 9.]

183 3313 267 3398 [301.
291 3309 423 3378 πάλαι
441 3311 553 3377 τότε·
583 3307 768 3394 πάροιθέ
789 3331 843 3391 γε.
869 3309 907 3373 ἐν
929 3309 966 3374 δὲ
987 3321 1058 3388 ταῖς
1078 3314 1203 3376 εἰκαιο-

96 3415 205 3497 τέραις
224 3410 353 3478 πάλαι
372 3410 415 3478 τό
424 3436 478 3497 γε.
498 3412 553 3499 V.]

41 3514 44 3521 ¹
179 3535 252 3594 315.
273 3533 413 3596 καλαί·
433 3531 468 3594 αί
490 3532 625 3606 πλείους
646 3530 793 3594 δειναί.
814 3529 856 3592 A.

153 3647 246 3710 ⁸324.
282 3650 459 3730 φαίνετο
485 3642 519 3712 δ’
549 3635 712 3732 ᾗκληῑδ
722 3669 778 3723 ες·
812 3648 851 3710 ἐν
868 3663 934 3712 τισι
956 3649 1025 3711 τοῖν
1047 3642 1201 3733 ὑπομνη-

94 3745 208 3828 μάτων
232 3758 381 3829 φαῖνον
403 3746 446 3811 δὲ
465 3749 650 3831 κληῐδες,
670 3741 718 3810 ἵν’
742 3735 850 3832 ᾗτοὸν
867 3747 1023 3832 τευχέων,
1046 3743 1087 3812 τά
1101 3745 1201 3832 τεύχη

93 3842 157 3913 οὐκ
184 3847 349 3913 ἐκάλυπτε
374 3845 437 3932 τὴν
466 3852 669 3931 λαυκανίην,
703 3842 777 3912 ἀλλ’
804 3846 908 3913 ἐποίει
938 3851 1130 3932 φαίνεσθαι.
1159 3851 1201 3912 A.

95 3946 283 4032 [φαίνετο
313 3945 358 4014 δέ
385 3951 571 4033 κλχῑδες·
601 3950 638 4012 έν
659 3964 725 4012 τισι
748 3958 905 4031 φαῖνον
927 3938 1011 4034 δέχ]
1033 3950 1204 4031 κληίδε-

91 4049 243 4138 σιν.1ί.]
1221 4063 1223 4066 '

173 4171 246 4233 336.
279 4163 496 4250 έλαήσουσ’
528 4162 671 4244 civitais·
702 4168 737 4231 οί
761 4165 837 4246 περὶ
862 4160 1057 4247 Ἀντίμαχον
1084 4162 1137 4227 ἐπὶ
1161 4158 1199 4227 τδ
1249 4247 1253 4258 Ι

92 4263 352 4353 γνωριμώτερον
375 4264 606 4351 έλκήσουσι
624 4271 774 4342 κακῶς.
797 4267 838 4328 A.
