2894 4890
681 381 879 442 ..ψ-

751 624 795 692 Φ.

221 800 230 810 .,
310 753 338 811 1.
359 740 599 833 Ἀριστοφάνης
618 744 741 833 γράφει
762 745 873 836 ῥόον.
898 753 940 816 A.

298 853 360 912 11.
384 850 546 914 ἔννεον·
568 851 652 915 ἔνιοι
673 854 741 915 τῶν
761 841 843 917 κατά
866 849 980 930 πόλεις
1002 848 1182 937 νήχοντ’.
1206 856 1248 920 Α.

306 955 357 1017 62.
381 949 417 1015 ἐκ
440 947 590 1035 πλήρους
611 950 671 1016 τόν
689 955 760 1017 καί
779 951 971 1038 σύνδεσμον
989 949 1209 1038 Ἀρίσταρχος.
1232 960 1274 1022 Α.

306 1057 357 1117 73.
392 1055 515 1118 τοῦτον
548 1055 770 1138 προστιθέασί
796 1077 884 1132 τινες
913 1049 955 1119 οὐ
984 1051 1174 1139 φερόμενον
1199 1058 1242 1123 έν
1263 1071 1335 1137 ταῖς

218 1150 445 1238 Ἀριστάρχου.
489 1153 527 1220 έν
556 1155 596 1220 δέ
621 1171 688 1241 τισι
710 1159 784 1221 καί
802 1153 836 1240 ῥ’
859 1151 1193 1242 ὀλοφυρόμενος.
1237 1155 1334 1226 άλλοι

221 1257 291 1320 καί
309 1278 381 1337 μιν
400 1255 662 1342 λισσόμενος.
683 1259 724 1322 A.
1190 1264 1192 1268 ’

306 1361 357 1423 84.
378 1351 588 1443 Ἀρίσταρχος
605 1353 716 1436 Ἰακῶς
737 1361 853 1426 δῶκε.
878 1362 920 1426 A.

226 1501 227 1506 κ
306 1462 358 1525 86.
380 1499 414 1508 -
432 1462 519 1527 ένιαι
541 1465 610 1527 τῶν
634 1459 717 1526 κατὰ
739 1458 854 1539 πόλεις
875 1459 1029 1527 ἄνασσε
1053 1455 1128 1526 άντί
1148 1467 1211 1528 τοῦ
1225 1458 1334 1530 άνάσ-

221 1578 282 1627 σει.
304 1562 345 1627 Α.
370 1557 589 1650 [Ἀρίσταρχος
611 1559 676 1629 σὺν
699 1566 745 1652 τῶ
767 1575 788 1627 ν
809 1559 846 1629 τό
870 1559 1093 1647 ἀνάσσειν,
1116 1565 1151 1628 οἰ
1168 1565 1205 1630 δὲ
1221 1571 1333 1652 χωρίς.

221 1659 284 1729 οὐκ
313 1658 450 1748 άλόγως.
466 1661 530 1751 γὰρ
560 1664 636 1750 περὶ
662 1662 824 1750 Πηδάσου
848 1659 893 1743 ῶς
921 1665 1189 1752 πεπορθημένης
1212 1668 1334 1751 επέρσε

221 1765 258 1832 δὲ
281 1761 484 1850 Λυρνησσόν
505 1765 560 1833 καὶ
582 1765 760 1853 Πήδασον’
788 1770 835 1857 (Y
853 1769 926 1853 92),
963 1770 1003 1834 εί
1018 1765 1064 1852 μή
1095 1763 1159 1851 άρα
1174 1773 1333 1854 ’φαίημεν

224 1873 462 1952 πεπορθῆσθαι
488 1869 550 1954 μὲν
573 1867 739 1956 πρότερον
765 1866 827 1954 τήν
845 1868 1023 1954 Πήδασον,
1054 1864 1273 1954 άνειληφέναι
1295 1873 1333 1938 δὲ

225 1970 327 2036 πάλιν
350 1967 411 2053 τήν
433 1965 539 2056 άρχήν
561 1966 622 2036 τόν
636 1966 768 2056 Ἀλτην.
790 1971 844 2059 V.]

308 2077 378 2137 106.
403 2067 511 2150 οὕτως
532 2069 589 2138 διὰ
607 2077 670 2138 τοῦ
690 2097 708 2138 ο
729 2068 853 2138 ἅπασαι
875 2067 1017 2150 οὕτως.
1039 2075 1080 2138 A·.

307 2178 377 2239 116.
403 2174 454 2239 Of.
477 2198 509 2261 p.
535 2179 605 2239 112.

308 2277 378 2339 122.
402 2277 518 2360 διχῶς,
543 2289 659 2342 κεῖσο
682 2276 736 2340 καὶ
759 2266 845 2359 ήσο.
869 2277 911 2340 Α.

306 2376 350 2441 ib.
375 2371 483 2453 οὕτως
504 2373 560 2442 διά
581 2383 644 2443 τοῦ
662 2402 683 2442 ν
706 2371 1036 2469 ῶτειλήυ,άπασαι.
1060 2382 1101 2443 A.
1221 2391 1224 2396 '

308 2483 378 2544 127.
408 2473 650 2563 Ἀριστοφάνης
677 2474 734 2545 διὰ
759 2482 822 2544 τοῦ
844 2503 870 2544 ω
894 2476 946 2557 ῶς
967 2504 1010 2546 τε
1027 2477 1220 2567 φάχησιν.
1254 2483 1328 2548 AV.

307 2584 377 2646 130.
407 2577 618 2665 Ἀρίσταρχος
646 2576 702 2646 διά
735 2585 803 2646 τῶν
830 2575 1081 2666 ὑπομνημάτων
1103 2577 1330 2668 Ἀριστοφάνη

219 2669 301 2769 φησί
330 2687 463 2767 στίχους
492 2683 525 2762 ἓξ
553 2677 755 2768 ήθετηιιέναι
784 2678 830 2761 ῶς
853 2679 1150 2768 παρεμβληθέντας
1170 2679 1238 2750 ὑπὸ
1261 2690 1329 2750 τῶν

218 2782 458 2872 άποροόντων,
492 2778 548 2848 διά
579 2787 614 2849 τί
642 2778 661 2849 ό
691 2782 840 2870 ποταμός
865 2780 1044 2870 ὀργίζεται,
1074 2787 1181 2851 καίτοι
1212 2792 1330 2870 σαφῶς

218 2884 325 2954 αὐτοῦ
346 2887 502 2971 λέγοντος
519 2883 582 2970 τήν
602 2889 727 2953 αἰτίαν·
755 2885 891 2965 ,Ξάνθος
910 2887 982 2952 ἐπεὶ
1004 2884 1168 2969 κεχόλωτο
1190 2890 1328 2955 δαϊκτα-

218 2993 331 3074 μένων
351 2993 484 3074 αἰζηῶν,
506 2982 722 3073 οῶςἈχιλεύς
743 2986 847 3068 ἐδάϊζε
869 2985 951 3054 κατά
968 2985 1050 3074 ῥόον
1063 2984 1140 3053 οὐδ’
1158 2989 1327 3075 ἐλέαιρεν·

219 3094 309 3181 (146)
346 3095 377 3156 εί
400 3083 467 3174 γὰζί
492 3089 738 3178 ἐβλασφημήθη
768 3088 785 3158 ὁ
816 3089 980 3175 ποταμός,
1009 3092 1124 3174 ἔλεγεν
1152 3083 1195 3156 άν
1226 3098 1326 3160 τοῦτο

218 3189 422 3279 πρόςἭραν
445 3188 701 3277 καίἭφαιστον.
722 3195 777 3260 καὶ
798 3190 835 3260 τό
856 3190 980 3277 δηθά,
1004 3187 1049 3269 ῶς
1069 3186 1130 3276 οὐχ
1140 3186 1328 3279 Ὁμηρικῶς

218 3301 374 3382 κείμενον
394 3298 563 3361 αἰτιῶνται
585 3293 712 3380 μήποτε
731 3296 845 3381 μέντοι
866 3292 921 3362 καὶ
940 3288 1181 3379 ὁἈρίσταρχος
1198 3313 1327 3381 συγκα-

218 3400 334 3465 τέθετο
363 3402 403 3484 νή
425 3392 600 3483 άθετήσει,
626 3396 732 3483 μηδὲν
750 3393 918 3463 άντειπῶν
939 3399 985 3484 τῷ
1004 3390 1249 3480 Ἀριστοφάνει.
1285 3401 1325 3464 A.

306 3505 376 3566 131.
394 3495 605 3584 Ἀρίσταρχος
628 3500 790 3576 πολέας.
811 3501 895 3564 ἔνιοι
916 3498 953 3564 δέ
975 3502 1128 3575 πολεῖς.
1152 3493 1268 3582 ήθέτει
1291 3498 1326 3564 δὲ

218 3597 344 3678 αότοῶς
361 3597 613 3686 Ἀριστοφάνης.
635 3603 676 3666 A.
701 3602 767 3691 [V.]
1003 3631 1004 3634 ¹

304 3705 374 3768 162.
404 3698 614 3788 Ἀρίσταρχος
642 3697 819 3794 άποκοπήν
842 3695 927 3768 εἶναι
954 3695 1112 3785 βούλεται
1133 3705 1195 3766 τοῦ
1217 3697 1327 3788 ἁμαρ-

216 3803 337 3889 τήιην,
359 3798 379 3867 ό
398 3799 588 3888 ἐστιν’άμα.
630 3800 683 3869 διό
708 3795 766 3870 καί
782 3801 882 3888 χωρὶς
903 3805 965 3867 τοῦ
987 3827 999 3865 ι
1020 3798 1195 3884 γράφεται.
1234 3803 1271 3868 έν
1291 3805 1327 3870 δὲ

216 3910 256 3992 τῇ
285 3909 548 3992 Μασσαλιωτιαή
573 3901 591 3970 ό
622 3901 654 3970 δ’
684 3899 847 3989 ἁμάρτη
868 3901 1080 3985 δούρασιν
1101 3895 1239 3989 άμφω,
1273 3907 1327 3972 καί

217 4003 320 4088 λόγον
343 4007 419 4088 ἔχει.
442 4008 484 4071 A.
888 4021 891 4024 “

303 4110 373 4171 172.
400 4108 484 4171 ἔνιοι
507 4107 765 4191 μεσσοπανές
786 4101 842 4171 διά
865 4109 928 4170 τοῦ
951 4130 972 4188 χ
1001 4101 1065 4169 οὐκ
1088 4093 1144 4169 εὖ·
1168 4105 1327 4196 βούλεται

216 4202 280 4290 γάρ
302 4208 412 4291 λέγειν
434 4206 497 4284 ἕως
518 4209 622 4291 μέσου
646 4203 867 4291 παλλόμενον.
898 4203 945 4272 δι’
969 4196 1011 4272 οὗ
1033 4202 1071 4271 τό
1095 4204 1251 4290 σφοδρόν
1269 4213 1327 4292 τῆς

216 4310 317 4390 βολῆς
337 4312 544 4404 παρίστησιν.
567 4305 676 4384 οὕτως
695 4303 915 4393 Ἀρίσταρχος.
939 4309 980 4372 A.
