2866 4882
1222 368 1283 431 285

172 535 235 595 556
255 552 321 595 non
345 529 441 596 modo
466 530 508 594 ab
523 529 691 616 Hesychio
712 553 738 594 s.
751 553 784 596 v.
809 527 903 615 ἱερὸν
925 529 1084 617 πόλεμον,
1107 535 1167 608 sed
1188 535 1285 598 etiam

171 657 192 698 a
215 632 317 698 schol.
339 631 420 696 Eur.
443 633 519 696 Tro.
543 635 562 696 9
584 631 664 696 Oob.
686 633 860 718 repetitum
880 636 931 699 sit.

258 733 374 819 Itaque
403 755 455 797 res
487 755 553 797 non
585 755 740 819 prospere
771 736 870 798 cessit
893 734 1010 800 Oscari
1034 736 1205 800 Gerhardo
1238 738 1285 801 de

172 833 422 899 Aristarcho
455 835 749 921 Aristophanis
781 836 1014 925 interprete
1044 837 1170 901 Bonn.
1202 840 1284 902 1859

172 961 204 1024 p.
222 941 240 1001 3
263 935 398 1020 neganti
420 935 455 999 id
479 936 567 1020 quod
581 935 621 1000 Ο.
639 934 856 1000 Schneiderus
878 938 1099 1002 affirmaverat
1125 943 1184 1004 TA
1198 934 1286 1003 ὑπο-

172 1038 327 1123 μνήματα
351 1035 393 1100 ab
418 1035 604 1100 auctoribus
627 1045 759 1100 nostrae
788 1037 985 1103 scholiorum
1006 1040 1183 1126 farraginis
1205 1041 1285 1127 ipsis

172 1143 321 1224 inspecta
338 1160 404 1202 non
423 1159 504 1219 esse,
527 1136 585 1200 sed
600 1137 642 1200 ab
658 1147 789 1204 auctore
808 1143 899 1204 Tor
910 1134 1149 1225 ὑπομνήμαπος
1163 1142 1284 1206 afferri.

172 1242 219 1306 Ut
247 1241 335 1304 enim
362 1247 474 1303 auctor
501 1241 563 1302 τοῦ
586 1231 825 1321 ὑπομνήματος
844 1240 1051 1328 Didymusne
1073 1266 1117 1306 an
1140 1243 1284 1328 Symma-

173 1343 254 1407 chus
269 1341 377 1424 fuerit‚
394 1342 434 1405 ¹in
449 1347 620 1425 utramque
635 1347 761 1427 partem
777 1341 936 1426 disputari
951 1352 1067 1432 potest,
1080 1345 1126 1407 ita
1141 1341 1181 1407 τὰ
1196 1337 1285 1407 ὑπο-

172 1440 327 1528 μνήματα
350 1441 527 1506 maturiore
555 1448 659 1504 morte
676 1441 830 1525 periisse,
860 1465 956 1529 quam
978 1467 1061 1530 quae
1083 1453 1222 1508 aetatem
1243 1442 1286 1507 ad

173 1547 353 1610 seeundum
373 1565 477 1630 usque
498 1551 573 1627 post
593 1540 760 1604 Christum
783 1545 950 1608 saeculum
970 1546 1203 1631 perducerent,
1224 1566 1284 1630 pro

172 1647 346 1732 exploratu
382 1644 496 1709 haberi
534 1653 650 1730 potest.
706 1642 920 1709 Infirmiorem
959 1648 1057 1710 etiam
1091 1648 1285 1710 sententiam

175 1747 367 1813 Dindorfius
395 1749 430 1810 in
458 1745 534 1810 add.
563 1745 628 1809 vol.
650 1744 668 1807 I
694 1745 796 1809 schol.
823 1756 847 1810 t.
874 1746 927 1811 III
953 1771 985 1836 p.
1017 1751 1078 1812 399
1106 1748 1181 1811 tulit
1208 1756 1285 1812 ‘uo-

171 1860 266 1912 stram
295 1854 473 1912 scholiorum
501 1853 699 1911 collectionem
724 1855 836 1926 partim
863 1871 903 1912 eu
927 1855 1040 1938 Phaiui
1065 1861 1094 1914 et
1117 1855 1288 1931 Symmachi

168 1959 284 2030 partim
310 1958 379 2014 aliis
399 1954 575 2028 quibusdam
601 1954 778 2012 scholiorum
805 1956 1022 2016 collectionibus
1048 1974 1111 2017 esse
1137 1960 1286 2032 composi-

172 2065 250 2130 tam,
268 2060 346 2116 iuter
365 2072 455 2129 quus,
475 2051 596 2136 inquit,
616 2057 644 2114 si
663 2057 823 2114 nonnullae
838 2055 966 2127 suerum
986 2065 1140 2119 auctorum
1155 2061 1285 2118 nomini-

172 2161 227 2218 hus
249 2174 312 2217 uon
328 2159 500 2232 inscriptae,
517 2156 658 2231 prosecta
679 2172 737 2214 non
760 2160 931 2217 mirandum
952 2167 996 2218 est
1015 2163 1157 2234 simplicis
1173 2149 1286 2239 ὑπομ-

172 2255 320 2339 νήμοτος
346 2261 478 2331 nomine,
506 2259 557 2317 uhi
583 2274 645 2317 unu
672 2260 789 2331 aliqua,
818 2261 864 2316 uel
883 2247 1215 2338 ὑπομνημάτων,
1236 2263 1287 2320 uhi

169 2366 275 2439 plures
300 2361 530 2435 distincuendac
556 2365 658 2429 crum,
689 2360 721 2416 in
747 2357 867 2417 scholiis
892 2363 1000 2419 nostris
1019 2378 1083 2420 esse
1107 2365 1284 2436 appellatas,

172 2465 419 2540 quemadmodum
442 2465 472 2522 iu
493 2463 611 2521 scholiis
629 2460 799 2534 Sophocleis
815 2463 962 2520 interdum
979 2462 1102 2538 Didymi
1122 2466 1285 2524 aliorumve

173 2570 367 2641 interpretum
385 2567 506 2628 nomina
528 2565 673 2637 apposita,
697 2564 873 2634 aliquotiens
886 2570 984 2622 nutem
1000 2559 1043 2623 τὸ
1061 2554 1283 2644 ὑπόμνημα

175 2663 232 2750 (ad
254 2663 332 2726 Ant.
358 2663 438 2726 1326
459 2661 512 2724 El.
540 2663 614 2723 451.
630 2659 715 2745 488)
745 2666 791 2748 nel
814 2655 912 2736 τούς
935 2654 1284 2744 ὑπομνηματισμ-

173 2763 330 2846 μένους
360 2761 442 2848 (ΟΟ.
473 2764 544 2826 388.
575 2764 647 2825 399.
668 2762 743 2839 681)
775 2769 1000 2826 commemorari
1024 2769 1176 2826 vidimus'
1225 2766 1284 2825 TA

174 2859 398 2946 ὑπομνήματα
418 2866 514 2946 enim,
535 2873 572 2927 ut
591 2863 694 2944 vides,
725 2861 937 2947 intellegendi
959 2873 1034 2928 sunt
1050 2866 1169 2951 partim
1191 2885 1284 2927 accu-

174 2967 311 3029 ratiores
351 2967 575 3030 commentarii
610 2964 652 3028 ab
689 2965 769 3049 ipsis
808 2966 1029 3048 grammaticis
1047 2964 1284 3030 ¹Alexandriae

175 3066 304 3131 scholas
326 3066 522 3131 habentibus
546 3065 670 3147 emissi,
706 3065 824 3150 partim
847 3067 882 3128 in
905 3064 1070 3151 publicam
1093 3067 1198 3130 lucem
1219 3088 1284 3136 non

174 3169 337 3253 prodituri
359 3167 527 3249 fasciculi,
556 3167 686 3231 scholae
715 3166 769 3232 vel
791 3165 1058 3232 scholasticorum
1084 3169 1158 3232 usui
1187 3168 1283 3232 desti-

174 3271 261 3352 nati,
292 3270 411 3355 partim
444 3269 593 3333 fortassis
627 3268 801 3333 schedulae
831 3290 851 3330 a
879 3269 1048 3355 discipulis
1072 3271 1284 3335 illustriorum

174 3373 469 3456 grammaticorum,
478 3391 614 3457 quorum
626 3370 840 3434 interfuerant
848 3370 1132 3458 praelectionibus,
1139 3371 1284 3434 futurum

174 3475 210 3536 in
230 3495 326 3536 usum
345 3482 532 3559 conceptae.
565 3467 612 3536 Ti
633 3469 900 3554 ἐπιγεγραμμένα
921 3465 1147 3536 Ἀπολλωνίου
1168 3493 1212 3533 sc.
1226 3470 1284 3556 hy-

173 3583 381 3660 pomnemata
412 3574 526 3660 (schol.
556 3573 644 3651 Ayv.
676 3572 771 3658 1242)
806 3573 954 3658 exemplo
987 3595 1058 3648 esse
1086 3581 1227 3657 possunt
1248 3573 1284 3635 id

174 3697 281 3760 genus
309 3674 533 3738 saluberrimo.
577 3673 660 3737 Mihi
687 3675 773 3737 enim
800 3692 957 3760 perquam
977 3672 1082 3736 simile
1103 3674 1174 3735 veri
1193 3673 1283 3736 vide-

173 3787 244 3859 tur,
263 3776 350 3840 hunc
371 3774 596 3861 Apollonium,
618 3796 683 3839 non
704 3774 884 3855 Rhodium,
907 3774 965 3838 sed
986 3773 1117 3838 aliunde
1137 3774 1284 3858 ignotum

173 3879 354 3960 hominem,
376 3900 476 3942 unum
499 3901 516 3942 e
539 3877 756 3965 quadraginta
776 3875 959 3939 Aristarchi
981 3874 1151 3962 discipulis
1172 3874 1283 3954 fuisse,

175 3981 268 4044 cuius
295 3979 538 4065 qualescunque
563 3977 807 4043 observationes
839 3979 874 4040 in
898 3977 1147 4063 hypomnemate
1175 3975 1283 4061 aliquo

175 4080 280 4145 literis
301 4081 487 4162 mandarem
509 4079 576 4144 vid.
591 4079 691 4144 schol.
703 4078 787 4143 Ven.
804 4080 910 4142 Rann.
927 4081 988 4141 357
1011 4075 1093 4161 μήτε
1112 4078 1283 4159 Κρατίνου

180 4181 354 4268 [Gerhard.
384 4181 405 4244 l.
429 4182 451 4244 l.
479 4204 511 4267 p.
535 4182 587 4268 22]
618 4181 723 4244 Rann.
748 4181 808 4243 423
832 4180 934 4266 (191).
961 4181 1050 4241 1148.
1076 4179 1166 4239 1294.
1193 4179 1283 4257 1485,

175 4293 212 4348 ut
241 4283 339 4368 longe
365 4283 516 4346 recedam
543 4282 584 4345 ab
613 4282 653 4346 Ο.
675 4281 866 4346 Schneideri
891 4281 1067 4361 sententia,
1100 4278 1156 4363 qui
1177 4300 1208 4362 p.
1233 4279 1285 4358 89,
