2866 4882
1157 411 1218 472 307

110 564 165 629 καὶ
193 565 398 648 γηθυλλίδας
421 564 513 632 δύο’.
559 569 613 634 καὶ
632 563 873 654 Ἀριστοφάνης
892 573 1115 639 Αἰολοσίκωνι
1138 577 1220 641 δευ-

109 666 227 832 τὲἳρσρρὲ,
249 672 338 732 ’τῶν
377 667 413 733 δὲ
453 668 595 754 γηθύων
630 672 719 756 ῥίζας
756 674 896 754 ἒχουσας
930 676 1219 761 σκοροδομίμητον

108 790 133 866 φ
193 870 312 934 Nostro
335 872 435 955 igitur
457 895 516 937 sua
537 873 634 950 debet
654 873 840 960 Hesychius
864 897 889 938 s.
913 897 945 939 v.
976 877 1128 961 γήθυα·
1153 874 1218 963 άμ-

107 967 312 1056 πελόπρασα,
334 973 369 1038 οἱ
389 973 425 1038 δὲ
445 976 663 1058 γηθυλλίδας,
686 975 721 1039 οί
737 973 773 1040 δὲ
789 971 916 1057 μεγάλα
931 979 1098 1064 κρόμμυα,
1120 975 1215 1048 άλλοι

105 1069 228 1154 χλωρά.
253 1095 277 1136 s.
302 1097 333 1138 v.
356 1073 494 1159 γητια·
517 1075 688 1160 κρόμμυα,
711 1070 733 1140 δι’
754 1077 808 1143 καὶ
830 1077 945 1163 γήθυα
968 1087 1160 1150 καλοῦνται.

643 1267 676 1346 l.

390 1393 626 1482 ‘Yadpvqpu
648 1396 918 1485 Μενάνδρου.

189 1524 298 1589 Etiam
319 1527 359 1590 de
383 1526 632 1613 hypomnemate
648 1525 847 1590 Menandreo
864 1538 991 1594 constat
1008 1553 1050 1594 ex
1066 1540 1107 1595 et.
1125 1530 1212 1597 Gud.

104 1626 176 1707 338,
198 1629 238 1689 20
261 1625 535 1712 Κορύβαντες
556 1627 713 1709 δαίμονες
734 1621 858 1711 οὕτως,
882 1631 1003 1707 οἵτινες
1024 1629 1214 1714 ἐτάχθησαν

104 1723 287 1807 φυλάττειν
310 1724 371 1792 τδν
392 1731 470 1793 Δία.
497 1723 586 1812 παρά
609 1723 645 1791 τὸ
669 1725 810 1814 κρύβειν
827 1727 889 1796 τδν
910 1736 977 1798 Δία
996 1731 1213 1815 Κορύβαντες

104 1823 187 1892 κατά
209 1825 423 1913 πλεονασμὸν
445 1833 506 1894 τού
527 1852 555 1892 ο.
590 1821 611 1912 ἢ
635 1829 669 1892 οί
686 1824 748 1911 τὴν
769 1828 885 1915 Κόρην
903 1832 1107 1916 καταβάντες
1128 1827 1211 1897 άνα-

103 1941 218 2048 γαγείν
242 1927 365 2015 καὶμὴ
393 1925 631 2015 ὑποστρέφειν.
676 1929 908 2018 Κορύβαντες,
943 1930 988 2008 ὡς
1014 1930 1210 2016 μυθεύεται,

103 2054 154 2096 οτι
178 2033 355 2097 κατέπινεν
378 2029 395 2098 ὁ
413 2030 546 2117 Κρόνος
565 2027 605 2095 τά
627 2027 692 2095 άπό
718 2035 776 2114 τῆς
787 2028 873 2107 Ῥέας
891 2033 1000 2097 τέκνα.
1031 2029 1119 2098 οὕτω
1134 2041 1168 2100 Δ
1174 2040 1211 2100 ί-

102 2134 232 2216 δυμος
248 2134 284 2198 ἐν
306 2129 521 2218 ὑπομνήματι
543 2126 760 2213 Μενάνδρου.
1165 2111 1167 2116 ’

187 2235 396 2299 Timaehidae
411 2233 661 2297 commentarius
677 2232 711 2294 in
725 2230 897 2294 Menandri
920 2230 1057 2298 Κόλακα
1079 2239 1210 2300 emersit

100 2360 203 2424 nuper
227 2360 269 2401 ex
284 2345 383 2422 etym.
401 2333 538 2398 Sorbon.
560 2332 602 2395 ad
622 2354 655 2417 p.
669 2334 741 2413 490,
754 2333 794 2395 39
815 2331 931 2415 (laist,
954 2334 996 2398 of.
1020 2336 1059 2400 Ο.
1076 2336 1208 2401 Schnei-

102 2439 169 2502 der.
193 2439 227 2500 in
251 2438 331 2501 dier.
356 2435 479 2519 antiqq.
504 2432 671 2516 Marhurg.
698 2435 777 2496 1848
798 2453 831 2518 p.
856 2435 928 2496 792.
950 2473 993 2482 —
1010 2435 1122 2501 Nostri
1143 2460 1208 2503 non

100 2540 220 2606 oblitus
250 2547 299 2602 est
326 2533 469 2599 Meinek.
500 2541 624 2619 quaest.
657 2555 744 2596 scen.
775 2533 828 2596 III
856 2558 887 2620 p.
912 2539 930 2596 5
964 2536 1111 2622 prolegg.
1140 2538 1208 2602 Me-

98 2641 214 2704 nandr.
237 2662 269 2724 p.
293 2633 451 2701 XXXIII
474 2656 522 2718 sq.
601 2708 604 2713 ¹

185 2737 415 2805 Commentarii
431 2734 569 2821 Didymi
584 2736 777 2800 Menandrei
791 2738 1004 2823 intellegendi
1020 2747 1095 2803 sunt
1110 2741 1209 2804 etiam

99 2866 150 2930 ap.
167 2841 267 2906 schol.
288 2842 347 2904 Ar.
362 2837 449 2901 Avv.
471 2839 552 2900 1738
566 2836 676 2922 (1740)
692 2841 772 2901 1749
795 2831 904 2921 ύμην
922 2829 950 2904 ω’
971 2833 1134 2923 ύμέναι’
1162 2831 1205 2905 oi·

98 2939 196 3028 ᾔδετο
219 2944 318 3005 τούτο
342 2938 379 3002 ἐν
401 2949 468 3014 τοῖς
490 2935 617 3020 γάμοις.
664 2943 792 3021 εἴρηται
814 2937 850 3003 δὲ
872 2943 971 3003 τούτο
989 2938 1026 3003 ἐν
1041 2950 1110 3015 τοῖς
1134 2945 1207 3005 Με-

98 3045 287 3130 νανδρείοις
310 3043 370 3128 (sc.
394 3033 657 3124 ὑπομνήμασιν).

184 3143 284 3207 Secus
295 3143 402 3206 visum
416 3139 582 3204 Meinekio
596 3139 767 3203 Menandr.
783 3149 815 3203 et
827 3138 965 3203 Philem.
979 3141 1073 3228 reliq.
1085 3165 1118 3229 p.
1132 3145 1204 3206 280.

100 3246 151 3310 uf.
185 3252 294 3309 tamen
320 3244 360 3307 O.
382 3241 571 3306 Schneider.
603 3240 643 3303 de
671 3240 752 3304 sont.
782 3240 894 3312 soholl.
920 3239 979 3304 Ar.
1009 3264 1040 3326 p.
1067 3245 1120 3325 15,
1153 3245 1206 3308 cui

97 3348 188 3412 favet
209 3344 361 3426 vocabuli
385 3348 516 3426 eloquar
534 3342 596 3406 vis.

621 3531 682 3612 12.

405 3662 459 3730 Τά
481 3663 820 3747 περὶΚρατίνου.
845 3658 892 3746 (λ)

182 3793 437 3873 Grammaticos,
478 3792 533 3876 qui
566 3790 697 3874 quidem
727 3789 761 3850 in
796 3784 966 3850 Cratinum
997 3785 1203 3845 commentati

97 3904 186 3978 sunt,
215 3919 281 3960 non
302 3895 366 3958 nisi
387 3893 468 3956 duos
487 3891 715 3974 cognovimus,
735 3885 966 3970 Asclepiadem
987 3880 1201 3968 Myrleanum,

96 3997 136 4060 de
156 3999 225 4083 quo
238 3997 316 4062 vide
331 3995 372 4061 A.
386 3990 529 4056 Meinek.
543 3988 792 4077 quaestuum
812 4009 845 4073 p.
857 3991 876 4049 4
892 3985 932 4050 0.
946 3982 1133 4049 Schneider.
1161 3980 1202 4044 de

96 4097 177 4162 font.
200 4098 301 4161 schol.
319 4095 421 4158 Arist.
444 4115 476 4179 p.
499 4095 550 4155 90.
577 4095 635 4155 107
657 4091 773 4152 Lehrs.
796 4086 893 4151 anall.
916 4103 1052 4168 gramm.
1074 4103 1105 4166 p.
1129 4083 1201 4160 441,

97 4204 129 4260 et
157 4196 380 4260 Callistratum
407 4190 682 4276 Aristophaneum
715 4189 769 4274 (R.
799 4183 954 4251 Schmidt.
989 4181 1029 4244 de
1058 4179 1200 4243 Callistr.

94 4321 126 4384 p.
151 4300 211 4362 325
243 4297 292 4361 ed.
315 4292 471 4374 Nauck).
516 4290 602 4354 Huic
625 4289 819 4373 Didymum‚
843 4284 994 4443 quanpqip
1015 4279 1201 4344 dubitanter
