2812 4868
1152 327 1193 392 to

51 539 53 544 ,
82 519 167 584 quae
186 496 272 560 lecta
288 495 440 559 continuo
453 495 487 558 in
507 494 593 559 hunc
609 495 679 559 fore
696 493 828 559 modum
845 515 970 557 mecum
990 493 1196 558 emendatum

82 600 163 664 ibis:
187 593 343 681 ὠνόμασε
361 592 516 680 φιάλας
536 590 594 672 τὰς
612 592 751 680 ἐχούσας
770 589 854 660 ἄνευ
869 593 1070 680 προσώπων,
1085 590 1194 662 (iactos

82 701 118 765 οί
141 696 245 765 θόλοι
267 697 305 762 ἐν
326 709 395 774 τοῖς
417 701 617 783 βαλανείοις.
655 692 676 781 ἦ
697 691 775 762 ἀπὸ
795 701 864 762 τῶν
885 690 1049 781 ὀμφαλῶν
1070 701 1138 761 τοῖν
1157 697 1195 762 ἐν

82 813 152 879 τοῖς
189 803 392 884 γυναικείοις
426 799 578 883 πυέλοις,
613 799 686 863 coll.
720 799 870 864 Eustath.
903 822 935 886 p.
972 801 1049 862 1291
1085 799 1194 864 Bekk.

83 904 222 970 anccdd.
246 903 264 967 Ι
283 905 355 986 225,
371 907 401 968 6.
424 903 533 989 Atque
555 896 744 984 ὀφθαλμῶν
767 901 955 965 iamdudum
977 901 1119 992 explosit
1139 902 1195 965 So·

47 989 51 996 ¹
83 1007 234 1093 pingius,
266 1005 428 1092 Guyetus.
475 1005 626 1069 Ceterum
658 1003 699 1067 de
731 1004 857 1068 consus.
880 1025 971 1069 voce.
993 995 1143 1086 ὀμφαλοί
1162 1011 1195 1066 et

85 1101 262 1190 ὀφθαλμοί
280 1106 322 1170 cf.
342 1107 479 1170 Gesner.
503 1107 546 1171 ad
561 1104 683 1190 Agath.
706 1127 758 1192 ap.
778 1104 868 1174 Stob.
886 1104 957 1169 flor.
976 1107 1026 1170 tit.
1052 1105 1079 1170 O
1108 1109 1139 1186 §-
1155 1109 1193 1168 16

84 1233 116 1274 n.
136 1232 164 1274 e.
188 1207 316 1273 Iaoobs.
340 1208 382 1272 ad
399 1207 482 1272 Ach.
502 1206 574 1270 Tat.
597 1229 629 1294 p.
647 1206 749 1273 4030
772 1207 925 1271 Philostr.
949 1208 1048 1290 imag.
1070 1228 1102 1290 p.
1116 1209 1195 1286 7743

85 1311 126 1375 de
155 1309 241 1375 conf.
273 1305 327 1373 od
354 1316 386 1372 ot
414 1302 479 1372 ἆαό
513 1308 713 1394 Wesseling.
741 1308 784 1373 ad
804 1307 904 1373 Diod.
927 1308 944 1370 I
969 1331 1001 1393 p.
1026 1309 1103 1389 203,
1133 1309 1191 1370 721

84 1411 206 1476 Markl.
239 1410 282 1475 od
307 1409 387 1474 Eur.
411 1397 516 1495 suppl.
543 1414 604 1475 644
634 1410 763 1476 Schaef.
793 1411 837 1474 sd
862 1410 927 1497 Ap.
954 1410 1060 1476 Rhod.
1082 1410 1099 1474 Ι
1122 1412 1194 1494 326,

85 1517 146 1578 344
169 1511 331 1576 meletem.
353 1511 438 1576 critt.
461 1533 493 1597 p.
518 1513 569 1575 93.
614 1509 702 1591 Quid
723 1512 847 1598 igitur?
870 1511 971 1577 habes
992 1513 1195 1601 Hesychium

85 1624 117 1680 ct
136 1613 341 1682 Athenaeum
364 1615 399 1677 in
421 1633 546 1676 summu
567 1634 675 1677 rerum
696 1636 762 1678 non
783 1614 878 1679 modo
900 1614 944 1678 ad
965 1615 1101 1680 verbum
1119 1637 1194 1680 con-

64 1719 249 1798 sinentes,
281 1716 340 1780 sed
369 1715 637 1800 lexicographum
660 1715 757 1778 etiam
776 1715 900 1802 aliquot
920 1716 1031 1782 verbis
1053 1716 1194 1804 locuple·

83 1817 201 1885 tiorem
221 1816 508 1904 Deipnosophista.
553 1816 604 1880 Ao
623 1815 769 1902 profecto
792 1817 967 1883 verborum
987 1813 1072 1884 ἄνευ
1093 1841 1196 1902 προς-

84 1916 188 1986 ιόαοον
219 1939 259 1983 oa
291 1930 341 1983 ost
371 1918 538 2001 condicio,
568 1926 606 1982 ut
636 1917 801 1982 hominem
824 1917 913 1986 houd
941 1920 1108 1986 indoctum
1132 1919 1195 1984 tibi
1279 1927 1281 1932 '

85 2021 242 2088 exaudire
271 2020 422 2102 videare,
447 2021 516 2106 qui,
545 2041 587 2084 no
614 2021 668 2084 oui
689 2023 943 2103 αροςοιαοῠτται
977 2021 1034 2110 (ci.
1055 2022 1135 2087 Hes.
1159 2021 1195 2085 II

86 2127 167 2188 1056
190 2131 223 2188 ot
244 2120 327 2186 Poll.
349 2145 382 2208 p.
407 2125 447 2186 66
469 2121 593 2204 Bekk.)
615 2121 649 2186 in
672 2129 813 2186 mentem
836 2123 950 2188 venire
971 2131 1120 2210 possent,
1143 2121 1194 2187 his

83 2227 163 2312 ipsis
196 2223 307 2289 verbis
337 2223 472 2287 adiectis
504 2231 634 2288 cautum
664 2245 736 2288 esse
765 2223 880 2289 voluit.
925 2223 1023 2288 Hunc
1050 2234 1086 2288 ut
1114 2224 1195 2288 Era-

82 2327 267 2393 tosthenem
287 2324 390 2390 fuisse
412 2324 542 2389 credam
565 2332 621 2387 aut
639 2324 870 2411 Asclepiadem
890 2325 1111 2412 Myrleanum,
1145 2347 1194 2389 ro-

84 2429 228 2494 luctante
246 2426 455 2490 Naucratitae
474 2427 671 2509 testimonio,
694 2447 714 2490 a
735 2449 786 2490 me
809 2449 875 2492 non
890 2427 1037 2511 obtine03
1057 2427 1195 2514 Didymi

83 2553 141 2596 nos
176 2517 442 2594 additamentum
458 2526 568 2612 legere
593 2530 878 2614 persuasissimum
899 2529 1020 2611 habeo,
1050 2530 1194 2615 priorum

84 2632 262 2698 sententias
284 2652 350 2695 non
372 2629 467 2694 modo
482 2630 517 2691 in
532 2628 679 2694 ordinem
693 2631 883 2714 redigentis,
904 2631 962 2695 sed
975 2631 1083 2696 obiter
1097 2631 1195 2694 etiam

85 2733 298 2798 emendantis.
343 2729 428 2807 Nam
455 2739 511 2794 aut
543 2730 750 2817 Pamphilum
782 2740 839 2795 cut
867 2730 1110 2817 Diogenianum
1139 2741 1195 2796 cut

85 2838 224 2922 denique
243 2830 445 2919 Hesyohium
472 2830 553 2894 haec
574 2832 615 2896 de
639 2833 705 2897 suis
728 2833 894 2899 addidisse
916 2854 1032 2921 parum
1055 2840 1105 2896 est
1127 2853 1194 2896 cre·

85 2937 195 3003 dibile.
219 2933 377 3017 Accedit,
401 2932 488 3020 quod
508 2943 612 2999 totum
634 2935 795 3022 Hesyohii
815 2935 921 3001 locum
944 2957 962 3000 e
984 2934 1121 3022 Didymi
1143 2956 1194 3000 co·

83 3041 144 3126 piis
165 3037 349 3126 profectum
370 3057 442 3099 esse
469 3039 504 3099 in
520 3056 621 3102 unum
642 3038 801 3103 conflatae
820 3037 1057 3122 Eratosthenis,
1080 3039 1194 3104 Ascle·

83 3140 189 3226 piudis
213 3147 245 3202 et
265 3137 509 3225 Lycophronis,
540 3159 636 3225 quem
665 3137 794 3204 silentio
813 3141 991 3228 praeterire
1013 3139 1194 3228 Didymum

83 3241 227 3306 noluisse
244 3239 432 3304 Athenaeus
454 3242 548 3304 testis
568 3250 626 3323 est,
646 3240 787 3306 clamant
810 3245 1001 3308 sententiae.
1035 3241 1101 3306 Sed
1116 3241 1195 3329 quid

84 3343 200 3406 attinet
222 3341 284 3406 hoo
305 3341 416 3406 verbis
438 3341 604 3428 amplecti,
638 3343 730 3407 cuius
752 3346 802 3410 vis
823 3354 915 3409 tanta
934 3353 998 3429 est,
1016 3353 1053 3409 ut
1072 3345 1196 3408 nemini

84 3465 148 3509 non
168 3444 310 3530 primum
332 3441 413 3506 haec
434 3444 519 3508 inter
539 3464 573 3507 se
596 3444 777 3511 conferenti
798 3449 985 3513 testimonia
1008 3446 1145 3512 eandem
1161 3468 1196 3512 se

83 3546 267 3610 insinuasse
302 3545 496 3610 sententiam
527 3545 766 3631 spoponderim.
824 3548 978 3614 Oetemm
1013 3548 1070 3612 illi¹
1095 3547 1197 3612 Athe

82 3646 157 3711 naci
178 3645 403 3734 Hesyohiique
436 3647 500 3712 loci
527 3646 582 3712 vel
612 3667 649 3713 eo
681 3651 824 3714 maxime
854 3651 1082 3717 memorabiles
1111 3660 1196 3732 sunt,

84 3748 186 3834 quod,
210 3748 305 3834 quale
326 3748 460 3813 tandem
483 3749 581 3814 fuerit
601 3748 739 3836 Didymi
758 3751 793 3814 in
815 3753 922 3818 lexico
944 3753 1114 3819 condendo
1136 3755 1194 3816 mi-

83 3850 270 3932 nisterium,
295 3851 373 3916 inde
397 3852 568 3938 perspicue
589 3854 826 3938 cognoscimus.
871 3855 1049 3938 Videlicet,
1075 3854 1195 3940 princi-

82 3971 159 4036 pum
180 3951 216 4014 in
235 3951 298 4017 hoc
320 3953 558 4020 commentandi
576 3975 697 4040 genero
717 3957 1003 4041 grammaticorum
1018 3955 1196 4041 sententias

81 4112 102 4159 t.
123 4111 164 4160 XI
186 4125 216 4175 p.
235 4109 285 4172 94,
309 4111 381 4161 unde
404 4112 433 4160 in
457 4112 546 4162 Dione
573 4111 669 4178 Chrys.
695 4113 724 4162 11
747 4128 774 4178 p.
795 4113 845 4164 773
868 4115 947 4179 Emp.
966 4133 1001 4160 =
1020 4127 1059 4162 or.
1079 4111 1195 4161 LXXIX

82 4199 106 4258 ἕ.
124 4199 141 4247 2
168 4197 304 4262 corrigas:
327 4194 370 4246 ταῖ
377 4212 393 4246 ν
412 4187 554 4263 ὀροφῶν
572 4191 623 4256 τὰς
641 4189 719 4248 πάνυ
739 4187 861 4255 παλαιὰς
878 4197 930 4262 τῆς
947 4188 1035 4262 αὐτῆς
1053 4188 1128 4246 εἷναι
1149 4189 1197 4246 τιέ-

81 4296 157 4348 τρας.
192 4286 228 4335 'In
246 4284 332 4335 siusd.
352 4301 391 4336 or.
412 4289 436 4350 ξ.
457 4286 474 4338 6
491 4301 540 4351 pro
560 4274 644 4334 ἐνίων
666 4274 787 4350 (ἐννοαῑν
804 4283 911 4350 Roisk.)
929 4284 984 4350 leg.
1004 4273 1091 4334 ἔπιόν
1101 4297 1160 4348 μοι.
