2866 4882
1160 356 1218 420 321

107 515 340 600 Βαβυλωνίοις
368 507 658 595 Ἀριστοφάνους.’
686 514 739 580 cf.
768 515 862 582 Phot.
886 520 966 599 546,
995 522 1008 580 1
1039 519 1160 587 Pollux
1187 521 1222 590 X

109 619 170 680 173
191 638 224 701 p.
248 618 311 680 446
333 614 443 698 Bekk.

191 715 351 803 Harpoer.
375 719 446 799 176,
471 719 508 780 19
530 714 632 802 τούς
654 715 831 808 ἑτέρους
847 719 1092 806 τραγῳδοὺς
1111 716 1220 805 ἄγω,-

106 827 284 884 νιιῖται·
318 819 518 899 Λυκοῦργος
546 817 583 881 ἐν
616 821 663 905 τῷ
689 812 773 899 πρὸς
801 815 978 902 Δημάδην.
1029 819 1220 907 Δίδυμός

106 927 224 1007 φησιν,
242 912 295 984 ὅτι
318 919 478 1004 παροιμία
500 917 590 983 ἐστίν
611 917 664 984 ἐπὶ
687 922 756 984 των
774 911 1012 1004 ἁρμοζομένων
1026 923 1081 989 καὶ
1095 943 1219 1009 σεμνο-

105 1016 298 1088 ποιούντων
321 1013 463 1096 ἕαυτοδς
484 1013 569 1102 πρὸς
591 1013 630 1085 τὰ
654 1019 798 1086 ἐναντία.
828 1020 881 1086 Of.
901 1021 995 1088 Phot.
1009 1026 1081 1107 597,
1095 1028 1113 1089 3
1127 1025 1218 1096 Suid.

483 1203 485 1206 .
635 1155 684 1217 18.
1160 1193 1179 1212 2

190 1255 342 1320 Amrnon.
365 1256 406 1319 de
429 1255 497 1319 diff.
521 1275 613 1319 voee.
637 1276 668 1341 p.
684 1255 725 1317 98
749 1254 800 1318 ed.
822 1253 940 1320 Valck.
964 1258 1154 1340 Δίδυμος
1176 1256 1219 1322 ἐν

105 1352 265 1444 δεκάτῳ
309 1357 553 1440 ῥητορικῶν
588 1347 902 1438 ὑπομνημάτων
946 1357 1051 1441 φησὶν
1088 1355 1217 1437 οὕτως·

104 1453 155 1522 ὅτι
187 1457 408 1540 διαφέρουσιν
442 1457 479 1521 αἱ
510 1461 588 1540 νῆες
620 1459 689 1519 τῶν
716 1458 860 1520 πλοίων.
895 1453 934 1522 τὰ
967 1458 1030 1543 μὲν
1057 1456 1120 1543 γάρ
1148 1462 1217 1526 ἐστι

107 1555 317 1645 στρογγύλα,
350 1559 387 1622 αί
418 1556 455 1623 δὲ
491 1557 657 1640 κωπήρεις
691 1556 746 1621 καὶ
779 1555 1020 1641 στρατιώτιδες.
1068 1556 1217 1644 Ἁριστο·

105 1661 199 1744 τέλης
219 1656 256 1724 δὲ
278 1659 407 1743 ίστορεί
426 1659 463 1723 ἐν
478 1653 692 1742 Δικαιώμασι
715 1662 783 1723 των
805 1661 961 1746 πολέμων
981 1657 1107 1736 οὕτως·
1125 1656 1218 1726 Ἀλέ-

105 1762 246 1845 ξανδρος
268 1753 286 1822 ὁ
309 1753 485 1835 Μολοττὸς
507 1752 574 1824 tut
599 1753 724 1825 ταύτὸν
746 1758 889 1847 χρόνον,
915 1765 1131 1847 Ταραντίνων
1152 1759 1216 1828 αὐ-

103 1858 164 1926 τδυ
183 1860 494 1946 μεταπεμψαμένων
510 1858 564 1924 ἐπὶ
581 1859 642 1926 τὸν
659 1857 744 1946 πρὸς
760 1857 840 1940 τούς
851 1864 1043 1948 βαρβάρους
1055 1863 1215 1950 πόλεμον,

103 1963 278 2040 ἐξέπλευσε
293 1959 394 2025 ναυσὶ
408 1959 471 2044 μὲν
489 1964 738 2047 πεντεκαίδεκα,
759 1967 889 2040 πλοίοις
907 1965 943 2029 δὲ
959 1976 1095 2048 συχνοῖς
1112 1967 1216 2032 ι’ππαὸ

101 2073 223 2147 γωγοϊς
244 2061 300 2126 καὶ
319 2073 559 2146 στρατηγικοῖς.

188 2165 336 2228 Eandem
357 2186 427 2228 rem
445 2166 552 2249 tangit
570 2164 720 2228 Eustath.
740 2164 780 2227 Il.
804 2161 836 2250 p.
863 2169 934 2248 684,
956 2169 1005 2247 29,
1018 2151 1019 2154 ¹
1034 2165 1091 2229 ubi
1114 2167 1213 2254 vulgo

101 2268 187 2332 male
214 2265 385 2351 legebatur
419 2266 607 2348 Δίδυμος
636 2263 673 2328 ἐν
703 2265 861 2353 ἱστορικῷ
894 2269 991 2352 (corr.
1018 2265 1146 2331 Duker.
1172 2270 1215 2354 ad

102 2368 205 2434 Thur.
229 2367 277 2431 IV
299 2389 326 2431 ο.
343 2367 428 2452 116),
450 2366 537 2453 qued
563 2367 689 2431 scribae
712 2367 840 2430 numeri
862 2365 987 2429 denarii
1009 2367 1126 2450 siglum
1148 2391 1214 2433 non

102 2469 341 2553 intellegerent,
363 2476 396 2531 et
416 2469 502 2550 φασί
517 2490 576 2555 pre
593 2469 685 2551 φησί.
710 2467 765 2531 Ex
780 2465 894 2530 eodem
908 2490 940 2552 p.
959 2471 1047 2551 1468,
1062 2472 1103 2533 59
1124 2479 1214 2556 patet

101 2567 402 2634 Aristotelisloeum
413 2569 558 2656 Didymo
568 2568 681 2634 deberi
694 2563 913 2654 (παραγαγών
927 2571 1046 2653 χρῆσιν
1058 2568 1212 2658 ταύτην).

190 2667 282 2734 Suid.
304 2669 321 2733 Ι
343 2675 356 2733 1
380 2694 413 2757 p.
426 2673 486 2735 383
509 2663 810 2756 Β1ιι1γ.ο”ινδηρα·
834 2668 934 2752 μέρος
954 2693 983 2733 τι
1006 2673 1068 2734 τοῦ
1089 2667 1228 2756 κήπου,

102 2766 214 2853 ὥσπερ
235 2764 256 2855 ἡ
280 2767 405 2854 πρασιαὶ
427 2771 482 2836 καὶ
504 2765 522 2835 ὁ
545 2764 667 2853 ὀχετός.
700 2763 890 2853 Δίδυμός
913 2788 1013 2852 φησι·
1042 2765 1151 2848 1ὅπως
1173 2767 1211 2836 τδ

99 2867 280 2956 ἀνώμαλον
306 2876 369 2937 τοῦ
396 2857 522 2957 χωρίου
550 2877 589 2956 τῇ
614 2875 683 2935 τῶν
705 2865 862 2955 ἀνδηρων
884 2870 938 2936 καὶ
961 2865 1087 2952 ὀχετῶν
1107 2864 1212 2953 ἀφαι-

100 2986 191 3059 ροῐτο
211 2978 428 3060 κατασκευηᾶ
448 2975 493 3060 gl.
519 2977 549 3036 2.

185 3077 292 3141 Locus
319 3077 434 3140 incerti
459 3075 637 3162 scriptoris.
683 3073 766 3137 Sunt
790 3072 846 3159 qui
866 3080 995 3159 putent,
1026 3073 1150 3138 Meiere
1170 3075 1211 3140 de

99 3179 260 3264 Harpoer.
278 3200 311 3263 p.
336 3181 376 3241 69
400 3177 560 3259 obsecuti,
580 3176 664 3240 hane
686 3175 829 3260 glossam
847 3173 890 3237 ad
909 3172 1112 3261 Hyperidem
1134 3197 1208 3240 een-

98 3289 149 3344 tra
172 3281 337 3344 Cononem
362 3279 540 3366 pertinere,
570 3275 631 3363 'qui
659 3278 722 3341 hoe
751 3274 911 3340 vocabulo
940 3297 1020 3339 usus
1049 3285 1098 3339 est
1126 3283 1210 3340 teste
1273 3315 1275 3320 ·
1301 3361 1303 3364 Υ

98 3381 256 3468 Harpoer.
278 3405 310 3468 p.
332 3383 409 3462 19,1
434 3377 543 3442 Bekk.
587 3377 710 3442 Vereor
732 3387 769 3442 ut
789 3386 888 3440 reete.
908 3415 951 3424 --
971 3375 1116 3462 Hesyeh.
1135 3371 1209 3440 riv-

99 3485 119 3548 δ
127 3483 231 3568 ηράδ
238 3506 293 3560 ες·
316 3483 472 3564 πρασιαί,
493 3472 601 3564 ὀχετοὶ
623 3473 813 3561 ταφρωδεις
836 3476 958 3565 (Bekk.
979 3476 1115 3539 aneedd.
1139 3477 1155 3538 I
1175 3500 1207 3563 p.

99 3587 224 3666 394,16
247 3577 639 3666 ἆνδειράδες).Έυελει61α
664 3579 756 3660 1229,
773 3579 814 3639 48
840 3577 927 3640 Plut.
948 3574 989 3654 Q.
1012 3575 1045 3639 S.
1068 3575 1121 3638 III
1142 3578 1171 3639 2.
1189 3582 1207 3640 3

97 3684 241 3750 Maerob.
266 3683 333 3748 Sat.
356 3681 424 3746 VII
448 3685 466 3746 6
490 3679 653 3766 Theophr.
675 3678 713 3742 O.
728 3678 764 3742 P.
788 3677 841 3742 ΙΠ
859 3680 898 3742 29
921 3675 1059 3742 Nicand.
1075 3676 1120 3739 th.
1133 3679 1207 3739 676.

627 3836 689 3918 27·

449 3957 545 4031 Βίος
569 3952 850 4019 Θουκυδίδου.

641 4057 653 4115 l

182 4157 363 4222 Marcellin.
383 4159 446 4238 §.2
470 4153 683 4236 Θουκυδίδης
703 4153 821 4217 τοίνυν
843 4143 861 4212 ὁ
884 4139 1101 4228 συγγραφεὺς
1113 4136 1209 4214 Ὀλό-

97 4281 161 4340 ρου
181 4254 244 4342 μὲν
265 4260 418 4341 προῆλθε
440 4250 565 4337 πατρὸς
582 4249 645 4335 την
665 4253 861 4334 ἐπωνυμίαν
877 4249 1011 4406 ἒχοντῖοῙς
1030 4238 1096 4310 ἀπὸ
1114 4237 1210 4320 '0116-

148 4381 307 4423 DIDYMUS.
