2866 4882
629 1219 691 1313 ΙΙΙ.

169 1399 171 1402 ·
300 1407 591 1490 orosooss
628 1381 1019 1494 osismios.

642 1641 676 1720 i.

446 1787 548 1872 Περὶ
571 1783 875 1873 ὀρθογραφίας.

190 1945 307 2010 Suidas
330 1942 397 2009 vol.
420 1944 437 2007 Ι
464 1947 479 2005 1
502 1966 534 2029 p.
554 1943 633 2008 1330
657 1944 708 2008 ed.
731 1944 853 2008 Bernh.
876 1944 957 2010 hoec
990 1945 1123 2010 tradens
1151 1948 1216 2012 Δι’-

104 2051 210 2133 <topos
231 2042 249 2112 ὁ
271 2048 364 2130 νέος,
384 2040 631 2129 Ἀλεξανδρεύς,
653 2043 891 2130 γραμματικός,
917 2039 955 2124 ὃς
976 2046 1216 2131 ἐσοφίστευσεν

104 2149 142 2214 ἐν
167 2144 282 2236 Ῥώμῃ.
328 2151 454 2232 ἔγραψε
483 2142 638 2231 πιθανά,
664 2147 742 2231 rrspl
772 2143 1007 2232 ὀρθογραφίας
1043 2149 1099 2215 καὶ
1131 2145 1217 2217 ἄλλα

104 2255 240 2316 πλεῖστα
262 2249 317 2316 καὶ
338 2245 459 2334 ἄριστα
479 2251 707 2335 nescioquem
728 2250 910 2338 Didymum
931 2252 1091 2317 iuniorem
1112 2254 1147 2316 in
1168 2263 1215 2318 ta·

104 2351 199 2417 bulas
227 2339 511 2438 grammaticorum
539 2351 667 2436 retulit,
696 2355 752 2439 qui
773 2375 890 2418 vereor
918 2373 960 2418 ne
980 2373 1146 2442 nunquam
1168 2357 1216 2420 vi—

103 2455 198 2518 xerit.
244 2455 290 2520 Ut
312 2455 398 2520 enim
428 2454 564 2518 editoris
587 2452 742 2518 Halensis
764 2453 867 2519 verbo
887 2475 961 2519 mea
980 2454 1115 2540 faciam,
1138 2459 1213 2543 quis

104 2555 230 2621 dubitet
257 2551 341 2623 ἄλλα
366 2547 503 2622 πλεῖστά
532 2555 588 2620 καὶ
614 2549 733 2639 ἄριστα
756 2557 968 2622 Aristarchoo
988 2557 1214 2624 laudatissimo

103 2656 296 2722 vindicare?
340 2657 479 2722 Accedit
501 2655 588 2744 quod
603 2657 751 2722 Eudoeia
772 2657 877 2722 nosoit
897 2651 981 2723 ἄλλα
1001 2663 1138 2724 πλεῖστα
1158 2659 1215 2724 καὶ

104 2751 232 2840 ἄριστα.
276 2759 408 2825 Deinde
432 2755 562 2825 πιθανά
589 2779 654 2824 non
678 2758 833 2844 ignobilis
856 2759 1024 2825 cuiusdam
1045 2761 1214 2848 ignotique

104 2858 244 2924 hominis
263 2860 377 2945 fuisse,
398 2860 457 2925 sed
475 2861 661 2928 illustrioris
681 2862 886 2946 grammatici
900 2861 997 2927 fidem
1016 2861 1106 2945 feeit,
1127 2861 1215 2950 quod

105 2960 381 3047 interApollonii
406 2960 546 3048 Dyscoli
569 2983 669 3048 opera
697 2972 886 3048 comparent
913 2985 964 3050 ap.
989 2961 1080 3028 Suid.
1104 2964 1121 3027 I
1145 2968 1158 3027 1
1181 2985 1215 3050 p.

106 3061 166 3124 627
190 3062 265 3144 περὶ
287 3065 356 3126 τῶν
377 3066 536 3128 πιθανῶν
550 3060 720 3148 Atropos,
743 3064 828 3150 quod
848 3063 1097 3151 Bernhardyum
1119 3064 1215 3150 fugit,

106 3183 179 3226 oum
206 3164 337 3228 πιθανά
359 3163 546 3252 philosophi
573 3187 644 3230 esso
664 3172 811 3231 moneret
831 3165 970 3251 Didymi
988 3164 1070 3230 Arei
1078 3166 1119 3250 ¹),
1147 3187 1215 3231 non

104 3263 182 3327 item
208 3263 296 3349 fugit
319 3263 464 3329 Fabricii
493 3267 596 3330 aciem
628 3266 700 3332 BG.
727 3267 763 3330 II
787 3269 806 3330 3
834 3270 865 3346 ξ.
894 3265 1003 3332 ἳνοΙ.
1028 3267 1056 3332 Ι.
1084 3290 1117 3354 p.
1139 3269 1213 3333 286.

104 3363 192 3430 Hine
214 3364 370 3449 efficitur,
400 3373 437 3430 ut
458 3367 649 3453 proscriptis
675 3375 731 3436 eut
751 3366 794 3431 ab
815 3366 878 3433 hoo
899 3366 971 3432 looo
988 3369 1121 3432 remotis
1141 3355 1214 3433 ver⁴

103 3463 170 3550 bis,
207 3488 291 3552 quae
314 3466 487 3531 offensioni
517 3476 593 3531 sunt
625 3470 778 3551 Δίδυμος
806 3461 823 3532 ὁ
853 3463 929 3545 vioe
965 3462 1214 3553 Ἀλεξανδρεύς,
1312 3508 1317 3516 ·

102 3564 348 3652 γραμματικός,
370 3577 550 3634 statuamus
576 3591 659 3656 quae
679 3569 880 3655 praecedunt
901 3563 988 3654 ὑπὲρ
1012 3566 1052 3634 τὰ
1074 3566 1139 3661 yo'
1161 3575 1216 3655 βι-

103 3671 180 3751 βλία
207 3670 389 3736 erotissimo
418 3671 549 3737 vinculo
576 3671 711 3756 liganda
737 3693 810 3735 esse
838 3693 912 3736 oum
941 3670 1151 3758 sequentibus
1178 3665 1216 3748 ὃς

104 3764 344 3850 ἐσοφίστευσεν
370 3767 408 3832 ἐν
429 3762 552 3855 Ῥώμῃ,
582 3771 707 3854 ἔγραψε
734 3816 867 3832 .....
887 3769 1033 3853 πιθανά,
1057 3769 1133 3851 περὶ
1155 3764 1216 3853 ὀρ-

103 3873 296 3952 θαγραφίας
319 3869 406 3956 [περὶ
428 3873 641 3954 γεωγραφίας
662 3871 766 3936 Paris.
797 3871 999 3958 Broquingy.
1026 3892 1058 3957 p.
1079 3871 1129 3958 16]
1161 3865 1215 3933 skoel

176 4024 199 4091 l)
220 4026 295 4076 Suid.
309 4022 438 4091 Δίδυμος
449 4015 551 4092 lipsiae
570 4025 621 4091 (sio
636 4043 685 4092 pro
698 4027 777 4079 codd.
797 4027 932 4092 scripturo
942 4016 1063 4090 Ἀπήιος
1081 4013 1217 4090 ἢἌττιος

103 4125 136 4160 ex
153 4111 256 4163 Eussb.
275 4113 307 4164 Ρ.
326 4114 360 4164 Ε.
379 4113 430 4164 XV
461 4114 494 4164 15
522 4115 677 4165 rescribunt
699 4115 773 4165 Ions.
797 4114 909 4165 Reines.
926 4111 1038 4176 Bernb.)
1057 4103 1217 4176 φιλόσοφος

100 4185 314 4260 Ἀκαδημαικός.
350 4196 519 4249 πιθα-ναῖεν
542 4195 591 4249 ml
618 4191 803 4264 σοφισμάτων
827 4189 919 4254 λύσεις
937 4186 968 4246 ἐν
987 4193 1106 4264 βιβλίοις
1125 4188 1150 4263 β’
1168 4191 1217 4246 sul

100 4271 177 4332 ἄλλα
195 4274 295 4336 πολλοὶ,
