2866 4882
231 362 294 426 350

775 535 810 613 5.

318 680 443 747 Ultimo
472 680 534 745 hoc
564 680 670 765 capite
701 703 820 745 nomen
843 680 984 764 solvam,
1016 681 1104 768 quod
1132 703 1235 768 supra
1264 647 1354 766 dedi.

232 784 397 871 pollicitus
437 781 659 845 additamento
692 781 802 869 aliquo
840 782 1081 869 disputaturum
1119 804 1171 845 me
1208 805 1283 847 esse
1314 783 1354 846 de

229 885 350 949 ¹studiis
375 882 514 967 Didymi
538 882 572 944 in
600 881 802 969 geographia
831 882 957 971 positis.
1008 883 1084 947 Huc
1111 885 1282 971 pertinere
1305 885 1352 948 vi-

232 979 328 1052 detur
345 985 485 1073 primum
509 982 592 1047 liber

458 1105 465 1116 ⁹
555 1117 673 1204 περὶ
719 1121 1021 1204 Καβασσοῦ,

232 1238 324 1303 ouius
353 1238 501 1301 meminit
530 1235 714 1323 Stephanus
741 1238 824 1325 Bya.
843 1261 876 1325 p.
901 1241 954 1320 12,
983 1239 1002 1302 8
1031 1237 1082 1302 cd.
1102 1237 1251 1303 Meinek.
1284 1232 1350 1304 ἀπὸ

232 1336 270 1403 δὲ
301 1340 364 1404 τοῦ
384 1335 585 1423 Καβακησός
621 1343 725 1405 οἴεται
759 1340 950 1424 Δίδυμος
982 1334 1066 1404 κατὰ
1095 1334 1278 1423 συγκοπὴν
1313 1335 1349 1406 τό

232 1440 294 1528 (sic
318 1441 403 1505 coni.
433 1440 591 1525 Meinek„
620 1444 682 1506 τοῦ
710 1441 785 1528 RV)
815 1437 1003 1525 Καβασσός.
1055 1435 1151 1517 πόλις
1187 1437 1225 1504 δὲ
1263 1436 1349 1525 αὕτη

231 1546 293 1607 τοῦ
313 1536 540 1627 ’οθρνονέως,
564 1543 640 1626 περὶ
662 1530 701 1626 ἧς
722 1545 854 1627 βιβλίον
876 1534 958 1606 ὅλον
977 1543 1177 1627 συνέγραψε.
1205 1539 1348 1628 δειχθή-

232 1663 324 1708 σεται
347 1644 383 1708 δὲ
405 1642 442 1707 ἐν
463 1646 509 1730 τῷ
529 1642 605 1726 περὶ
624 1639 728 1729 αὐτῆς
746 1641 836 1733 λόγῳ
850 1646 951 1708 τοῦτο
972 1645 1108 1721 ψεῦδος.
1152 1645 1199 1710 At
1224 1667 1290 1730 ego
1313 1655 1347 1710 ut

230 1745 362 1810 credam
383 1744 544 1829 singulari
565 1744 649 1810 libro
673 1745 714 1810 de
733 1745 880 1810 Cabasso
910 1744 992 1810 urbe
1017 1766 1037 1809 a
1056 1744 1203 1833 Didymo
1233 1747 1347 1833 dispu-

229 1854 332 1911 tatum
355 1866 443 1925 csse,
463 1846 522 1910 vix
542 1846 622 1911 mihi
643 1845 825 1934 imperabo,
847 1846 996 1911 sedeam
1017 1848 1126 1935 potius
1147 1856 1347 1912 commenta-

230 1947 271 2010 rii
293 1948 326 2010 in
341 1946 477 2012 Homeri
498 1947 615 2012 iliadis
635 1946 756 2012 librum
770 1946 858 2011 XIII
874 1949 1044 2034 compositi
1065 1957 1202 2036 partem,
1222 1948 1260 2012 in
1283 1970 1347 2035 qua

176 2077 183 2094 .
231 2048 326 2120 dev.
350 2051 412 2116 363
436 2045 642 2134 Καβησόθεν
669 2050 770 2114 ἔνδον
791 2046 891 2115 ἐόντα
921 2049 1013 2135 (edit.
1036 2049 1183 2136 Argolic.
1203 2043 1346 2138 Ἑκάβης

230 2147 339 2215 νόθον
360 2147 439 2215 νίὸν
457 2148 566 2235 ἐόντα,
588 2172 671 2238 quae
692 2153 853 2239 scriptura
864 2150 989 2239 placuit
1002 2151 1042 2214 Ε.
1064 2152 1104 2216 R.
1125 2151 1267 2237 hangio,
1292 2175 1345 2217 ou-

230 2254 280 2318 ius
302 2261 477 2339 apparatus
500 2253 694 2318 Homericus
715 2275 816 2341 penes
840 2275 891 2318 me
914 2252 977 2338 est)
1002 2262 1287 2337 commentaretur,
1309 2255 1345 2318 in

229 2363 353 2420 tantam
383 2354 629 2440 amplitudinem
650 2356 839 2420 excrevisse
862 2355 1026 2440 suspicor,
1054 2364 1091 2419 ut
1113 2355 1182 2420 fere
1205 2357 1285 2423 iusti
1307 2356 1344 2420 li·

229 2456 281 2522 bri
303 2454 461 2521 ambitum
483 2455 642 2542 expleret.
666 2454 773 2536 Quam
795 2455 979 2542 opinionem
1001 2456 1171 2521 confirmat
1186 2455 1346 2543 loquendi

229 2580 309 2623 usus
341 2557 381 2621 de
409 2557 521 2622 verbis
545 2560 679 2644 βιβλίον
702 2550 784 2622 ὅλον
804 2557 885 2621 mihi
906 2556 1110 2623 observatus.
1156 2557 1211 2623 Sic
1236 2559 1347 2640 Doro-¹

229 2661 324 2726 theus
354 2658 546 2724 Ascalonita
572 2661 606 2722 in
634 2659 815 2743 συναγωγῇ
846 2655 1148 2744 attaminaveris,
1180 2659 1277 2723 cuius
1306 2659 1345 2722 li-

164 2755 165 2758 *
228 2762 324 2828 brum
347 2760 461 2826 CVIII
483 2761 595 2824 laudat
615 2759 804 2825 Athenaeus
820 2758 904 2824 VIII
918 2783 950 2846 p.
975 2763 1036 2826 329
1049 2761 1095 2844 D,
1118 2768 1245 2826 tanhm
1268 2782 1343 2845 ope-

229 2885 285 2928 rae
307 2862 481 2947 insumpsit
507 2869 590 2927 teste
611 2860 794 2948 Porphyrio
815 2861 858 2925 ad
879 2861 976 2924 Hom.
1005 2861 1096 2928 lla
1125 2865 1164 2926 90
1192 2862 1239 2938 είς
1266 2858 1344 2944 ἐξή-

229 2979 329 3049 γησιν
361 2966 422 3028 τοῦ
455 2957 536 3046 παρ’
567 2957 699 3051 Ὁμήρῳ
729 2964 879 3046 κλισίον,
912 2970 948 3028 ut
975 2963 1039 3026 nisi
1066 2963 1143 3028 iusti
1163 2963 1343 3028 voluminis

228 3065 349 3130 finibus
373 3065 597 3151 interpretatio
625 3065 689 3129 ista
718 3063 942 3129 circumscribi
973 3085 1039 3128 non
1067 3072 1188 3151 posset.
1239 3065 1343 3129 Recte

230 3167 316 3231 enim
329 3164 450 3229 Ooraes
469 3187 528 3250 pro
551 3161 634 3230 ὅλον
655 3168 733 3249 βίον
753 3164 877 3248 ἐδέησε,
901 3187 984 3252 quae
1007 3165 1104 3232 lectio
1128 3174 1178 3231 est
1196 3165 1269 3230 cod.
1290 3165 1343 3249 B.,

230 3265 398 3353 rescripsit
420 3259 503 3330 όλού
533 3268 684 3350 βιβλίον,
710 3268 908 3330 assentiente
938 3266 978 3330 R.
1001 3265 1136 3352 Ungero
1167 3270 1202 3332 in
1224 3266 1341 3356 parad.

230 3366 356 3431 Thebb.
379 3390 410 3453 p.
434 3368 508 3451 433,
532 3368 588 3454 qui
605 3366 645 3430 de
659 3365 785 3430 solenni
806 3367 1039 3433 vocabulorum
1057 3371 1130 3453 βίος
1152 3377 1184 3434 et
1205 3371 1342 3453 βιβλίον

231 3467 421 3534 confusione
443 3467 592 3556 pluribus
616 3469 776 3553 exposuit.
805 3469 937 3534 Deinde
959 3469 1112 3535 Neoteles
1134 3470 1342 3556 nescioquis

230 3559 344 3634 eodem
376 3570 559 3658 Porphyrio
590 3568 632 3633 ad
655 3568 752 3634 Hom.
787 3571 827 3636 ΙΙ.
857 3576 885 3636 o
916 3573 976 3634 328
1005 3580 1137 3637 auctore
1171 3568 1248 3652 περὶ
1282 3574 1342 3654 τῆς

229 3666 312 3736 κατὰ
340 3667 419 3749 τούς
449 3666 561 3756 ἥρωας
586 3672 712 3748 τοξείας
738 3680 841 3737 totum
870 3670 991 3736 librum
1016 3674 1220 3760 conscripsit.
1268 3672 1341 3737 Hoc

229 3796 357 3862 quoque
369 3774 440 3838 loeo
452 3772 589 3856 uulgata
609 3774 769 3860 scriptura
790 3783 840 3839 est
859 3768 942 3842 ὅλον
960 3776 1047 3857 βίον,
1067 3796 1165 3860 quam
1178 3773 1339 3840 adversus

227 3875 494 3954 Valckenarium‚
513 3867 664 3959 quisitor
679 3877 797 3959 βίβλον
816 3875 965 3958 coniecit,
988 3874 1137 3940 defendit
1148 3873 1251 3939 Wolf.
1266 3897 1339 3962 pro·

229 3977 316 4062 legg.
335 3999 367 4063 p.
392 3973 538 4043 CXCIII
567 3975 625 4063 (cf.
654 3976 694 4040 L.
718 3975 866 4041 Mueller.
897 3977 938 4040 de
968 3970 1121 4060 οἶμοςόῑ
1147 3980 1226 4061 otuu
1249 3999 1282 4063 p.
1307 3979 1337 4040 2.

228 4079 274 4165 3).
320 4078 431 4165 Ipsum
448 4075 629 4164 Didymum
650 4077 692 4142 de
713 4077 865 4142 vocabuli
878 4079 1076 4143 δεκατεῦσαι
1098 4076 1340 4163 significatione

227 4178 347 4243 librum
367 4179 599 4263 conscripsisse
628 4187 740 4242 auctor
768 4187 817 4243 cst
842 4179 1003 4265 Harpocr.
1026 4181 1077 4260 45,
1096 4181 1115 4241 5
1137 4178 1248 4243 Bekk.
1272 4183 1338 4244 Al-

228 4279 334 4362 δυμος
365 4272 383 4342 ὁ
411 4273 639 4363 γραμματικός
673 4276 749 4363 aspi
778 4275 902 4344 τούτου
933 4282 1067 4365 βιβλίον
1093 4275 1253 4368 γρόιγας,Ι
1274 4301 1337 4366 quo
