2894 4890
1189 345 1249 408 νει
1320 407 1326 422 ,

139 505 301 588 έχουσαν·
326 502 390 589 τὴν
418 505 461 570 έν
489 501 657 590 πρόθεσιν
685 501 760 572 άντλ
786 508 844 589 τῆς
871 509 928 584 εἰς
955 508 1114 592 κειμένην
1143 527 1249 576 συνα-

136 607 238 670 πτέον
264 603 349 688 πρός
373 603 412 672 τά
441 607 554 693 μέτρα.
593 610 641 684 τίς
668 603 732 692 γάρ
757 619 825 684 τοῖς
847 609 894 685 εἰς
921 604 961 674 τά
984 610 1087 694 μέτρα
1106 612 1249 691 ἱππείοις

137 709 267 773 ἔντεσιν
290 706 450 792 έχρησατο
473 707 588 792 πρώτη
613 701 713 792 ἢσό,
743 697 960 792 άΚόρινδες
995 711 1111 776 ἵππεια
1132 712 1168 778 δὲ
1192 716 1249 778 ἔν-

135 832 193 874 τεα
208 804 255 874 τὰ
278 805 465 874 Φειδάνεια
487 805 603 893 ἀγγεῖα
625 805 943 876 άκουστέον.·έντεα
965 808 1031 898 γάρ
1054 807 1097 879 άν
1120 820 1171 898 εἴη
1189 812 1248 893 τὰς

135 912 284 993 χοίνικας
311 911 369 980 ,καὶ
395 907 475 990 τοὺς
501 914 683 997 μεδίμνους
713 911 838 994 λέγων,
871 911 926 996 καὶ
955 907 1019 977 ὅσα
1041 909 1144 1000 άλλα,
1174 907 1247 980 οἷον

134 1005 226 1094 χόες,
248 1016 434 1097 ψυκτῆρες,
455 1011 632 1096 κώδωνες,
652 1007 707 1077 διὰ
726 1007 789 1095 τὴν
810 1009 996 1096 κοιλότητα.
1035 1011 1247 1100 καλὍμηρος

136 1113 171 1198 (η
189 1114 286 1198 232)·
319 1108 551 1196 ἀμφίπολοι
578 1106 608 1176 δ’
646 1111 907 1196 έπεκόσμεον
937 1116 1060 1180 ἔντεα
1091 1115 1245 1196 δαιτός.

135 1211 268 1278 τούτων
290 1203 355 1278 οὖν
378 1215 424 1290 εἰς
446 1210 486 1278 τά
509 1213 611 1297 μέτρα
631 1211 754 1277 ἐντέων
778 1207 915 1298 εὑρετάς
936 1233 1040 1299 φησιν
1062 1213 1247 1298 εἶναιτοὺς

136 1317 355 1398 Κορινθίους.
396 1309 451 1380 διὰ
481 1318 513 1378 τί
541 1313 578 1378 δέ
601 1315 718 1379 ἵππεια
747 1308 832 1379 αὐτὰ
858 1310 967 1395 εἷπεν;
997 1313 1049 1383 ὅτι
1069 1322 1201 1386 Φείδων
1227 1315 1245 1385 ὁ

135 1419 267 1499 πρῶτος
295 1413 403 1495 κόψας
430 1421 630 1500 Κορινθίοις
659 1410 696 1480 τό
724 1414 846 1498 μέτρον
873 1411 1019 1502 Ἀρχεῑος
1047 1409 1108 1504 ἦν,
1140 1418 1177 1486 τό
1208 1420 1246 1487 δὲ

127 1507 248 1600 ”Appos
271 1518 407 1584 ἵππειον
428 1517 585 1600 λέγουσιν
605 1516 640 1580 ολ
659 1517 802 1597 ποιηταί.
825 1512 1013 1603 Εὐριπίδης
1035 1519 1076 1607 (1.
1090 1521 1129 1586 T.
1150 1525 1243 1611 700)-

133 1611 238 1682 όταν
261 1621 318 1696 είς
335 1613 489 1685 Ἑλλάδ’
511 1620 660 1684 λππιον
680 1613 709 1679 τ’
728 1611 868 1702 ’Ἀργος
888 1619 1024 1708 μάλης.
1058 1623 1132 1687 vet.

221 1718 273 1784 Of.
294 1720 440 1786 Boeckh.
466 1720 583 1807 explic.
607 1719 702 1783 Pind.
725 1744 757 1806 p.
783 1721 843 1783 213
865 1744 907 1786 m.
938 1723 1062 1788 Vocem
1080 1725 1176 1790 έντεα
1196 1747 1245 1790 ar-

134 1820 238 1886 bitror
259 1821 405 1888 Lueiano
431 1824 472 1887 de
500 1823 562 1887 dea
590 1821 687 1908 Syria
715 1822 949 1886 restituendam
979 1847 1051 1890 esse
1074 1830 1104 1908 ξ.
1128 1831 1164 1890 51
1191 1829 1244 1892 ΙΠ

133 1943 165 2006 p.
181 1922 280 1985 486R
300 1917 341 1987 τά
361 1920 398 1987 δέ
421 1916 527 1987 πολλά
547 1923 656 2007 ἔτεα,
680 1920 751 2006 ἐμοὶ
770 1921 894 2006 δοκέει,
917 1918 973 1988 διά
994 1930 1094 1992 τοῦτο
1116 1926 1244 2012 ἕστηκε,

107 2105 108 2108 ¹
134 2044 165 2107 q.
179 2021 200 2084 l.
222 2023 279 2106 έτη
297 2024 390 2090 codd.
403 2025 488 2108 ΑΕ,
512 2025 582 2089 έστι
602 2025 642 2088 V.
655 2023 711 2106 X„
734 2021 849 2108 ἕτοιμα
863 2026 969 2090 Κοοιι.
986 2029 1070 2099 coni.
1087 2027 1129 2090 ad
1142 2028 1242 2112 (διευς.

135 2121 210 2186 Cor.
239 2148 271 2210 p.
295 2130 356 2189 477
383 2126 530 2209 Sabaei,
557 2126 670 2191 Bastio
693 2125 872 2190 dubitante.
904 2121 1023 2190 Ἕντεα
1048 2129 1244 2214 interpretor

133 2219 219 2288 ἔντε’
245 2220 374 2311 Ἀρήϊα,
404 2232 582 2306 Βυτείεευμ.
627 2227 691 2291 Pro
724 2223 780 2290 διά
808 2229 908 2290 τοῦτο
938 2227 973 2289 in
1000 2227 1084 2292 AEa
1110 2239 1142 2293 et
1170 2231 1242 2296 cod.

134 2393 240 2458 Vatia.
258 2396 363 2462 Bastii
385 2406 493 2463 exstat
513 2396 569 2462 καὶ
589 2399 689 2462 τοῦτο
713 2404 745 2460 et
767 2394 822 2459 καὶ
842 2392 896 2460 διά
911 2399 1022 2461 τοῦτο.
1044 2397 1136 2482 Lego
1159 2331 1246 2464 κόίάά

132 2497 243 2559 τοῦτο.

661 2636 714 2696 22.

216 2748 296 2814 ibid.
321 2753 360 2815 29
391 2745 547 2836 ἢδεῶν
574 2763 748 2824 ναοῖσιν
782 2751 945 2814 οἰωνῶν
974 2747 1151 2832 βασιλέα
1177 2751 1241 2814 δί-

134 2850 283 2933 δυμον·
305 2889 349 2902 --
369 2849 457 2931 τινές
480 2854 516 2920 δὲ
539 2849 576 2918 τό
599 2847 748 2937 άέτωμα,
778 2847 823 2930 ὥς
852 2868 935 2933 φησι
963 2851 1150 2933 Δίδυμος
1176 2873 1241 2914 πα·

133 2952 351 3035 ρατιδέμενος
373 2958 514 3039 Τίμαιον
536 2953 676 3037 λέγοντα
698 2952 867 3020 καὶτοῦτο
888 2950 924 3015 ἐν
944 2961 1015 3027 ταῖς
1037 2953 1241 3036 οἰκοδομίαις

132 3049 246 3119 αὐτῶν
267 3048 415 3141 εὕρημα,
437 3051 563 3140 ταύτην
581 3051 732 3132 ἀποδοὺς
753 3051 815 3138 τὴν
838 3048 993 3136 ἐξήγησιν
1013 3056 1081 3118 τῶν
1102 3074 1240 3137 προκει·

132 3155 254 3237 με’νων.
301 3156 354 3221 Of.
376 3158 476 3224 schol.
497 3158 552 3222 alt.

218 3257 436 3324 Of.130e0kh.
461 3259 548 3346 expl.
570 3259 666 3325 Pind.
690 3282 722 3346 p.
745 3260 816 3322 213.
840 3258 913 3318 214.
999 3321 1001 3326 .

656 3445 706 3507 23.

218 3562 552 3650 Seh01.Pyth.A44
586 3558 750 3626 δώδεκα
772 3555 1046 3642 δὲπρότερον
1067 3553 1236 3644 ἁμέροις·

130 3666 231 3727 τοῦτο
262 3663 523 3745 προσειληφέναι
551 3663 632 3745 φησὶ
657 3664 846 3746 Δίδυμος
872 3661 1045 3742 Πίνδαρον
1072 3665 1238 3744 τερατείας

130 3759 229 3846 χάριν
256 3767 314 3846 τῆς
341 3758 425 3846 πρὸς
446 3755 546 3846 ἡμᾶς,
578 3761 648 3828 έπελ
677 3758 757 3829 οὐδὲ
785 3762 913 3845 πρέπον
939 3756 976 3825 τό
1004 3755 1088 3840 πρὸς
1111 3757 1239 3837 είδότας

130 3863 253 3946 λέγειν.
282 3858 366 3929 ὁδὶ
385 3859 612 3947 Ἀμμάνιος
638 3865 714 3949 περὶ
733 3863 864 3928 τούτων
894 3857 983 3926 οὕτω
1008 3858 1141 3943 γράφει.
1173 3858 1238 3924 Καὶ

131 3960 255 4047 ἑαυτὴν
290 3960 600 4049 συμπεριλαμβάνει
630 3959 685 4031 διὰ
718 3961 755 4029 τό
781 3973 852 4040 ταῖς
880 3957 983 4045 αὐτῆς
1010 3965 1147 4045 βουλαῖς
1175 3957 1238 4043 τὴν

131 4065 192 4140 ἔξω
220 4061 336 4148 φυγὴν
364 4063 585 4150 ποιήσασθαι·
620 4062 793 4150 ἐκβιβάσαι
821 4061 885 4148 γάρ
913 4058 1161 4144 συνεβούλευσε
1182 4062 1237 4124 καὶ

130 4160 187 4230 διά
208 4169 271 4230 τοῦ
289 4161 423 4251 Ἀδρίου
445 4171 582 4250 ποιησαι
603 4162 664 4230 τόν
686 4169 810 4231 πλοῦν·
835 4168 934 4229 τοῦτο
957 4159 993 4225 δέ
1016 4160 1169 4226 ἐναντίον
1191 4165 1237 4248 τῷ

130 4265 168 4329 έκ
199 4271 261 4329 τοῦ
287 4261 450 4332 Ὠκεανοῦ
479 4262 565 4350 ὑπὲρ
593 4264 655 4349 τὴν
682 4268 814 4352 Λιβύην
838 4259 1058 4349 κομίσαιτὴν
1081 4267 1168 4327 ναῦν
1191 4265 1237 4338 είς

179 4390 340 4432 υτονιιοε.
443 4397 445 4400 ·
993 4364 1031 4424 15
