2894 4890
220 361 281 422 224

222 527 422 592 Aristodcmi
440 528 639 607 memoriam,
654 523 741 614 quod
758 548 801 590 ex
821 525 923 588 altero
939 526 1060 590 scholio
1081 526 1230 590 conicere
1246 525 1333 592 licet.
1364 585 1366 590 .

223 629 339 714 ltaque
367 627 517 692 lacunam
545 629 654 691 notavi
681 635 755 713 post
782 627 919 691 verbum
946 629 1037 709 φησί.
1079 627 1189 714 Atque
1214 629 1333 692 erroris

222 729 414 794 manifestus
450 729 545 793 ctiam
575 728 739 812 Bergkius
771 729 878 791 estin
907 727 1042 791 Pindari
1072 728 1122 790 cd.
1152 729 1208 792 alt.
1235 752 1268 815 p.
1292 731 1332 792 66

219 831 300 894 haec
316 830 480 894 scribens:
498 828 617 893 ‘Schol
636 828 715 913 legit
730 823 818 912 σᾶμ’
830 823 1113 913 Ἁλιρροθίου,
1129 838 1164 894 ut
1179 839 1265 894 esset
1277 852 1332 916 pe-

219 932 377 1018 riphrasis
393 948 453 1016 pro
474 929 613 1015 simplici
624 923 901 1015 Ἁλιρρόθιος,
927 929 1026 1016 idque
1037 929 1201 1016 Didymus
1216 931 1334 1017 proba-

217 1034 278 1115 vit,
297 1053 492 1121 quamquam
515 1029 611 1094 aliter
629 1031 889 1116 iuterpretatur&
911 1031 994 1094 Nam
1011 1031 1148 1116 Didymi
1171 1033 1334 1096 sententia

221 1135 369 1221 opposita
392 1142 441 1197 est
471 1155 583 1197 eorum
613 1133 888 1218 interpretationi,
925 1133 981 1218 qui
1013 1127 1095 1195 κατὰ
1129 1135 1334 1215 περίφρασιν

221 1229 374 1318 ἤκουσαν
398 1229 498 1321 (ὅθεν
520 1227 824 1315 τινὲς-ἥκουσαν.
849 1225 867 1297 ό
890 1231 932 1297 δὲ
951 1235 1102 1316 Δίδυμος
1120 1228 1226 1297 οῦτοι
1246 1230 1332 1318 ατὲ).

220 1336 308 1416 Quid
330 1337 432 1420 igitur
446 1338 620 1422 Didymae,
642 1335 695 1397 cui
718 1329 850 1421 quidem
867 1333 1067 1400 Aristodemi
1089 1335 1333 1398 animadversio

218 1441 331 1523 ignota
361 1460 432 1502 esse
458 1461 523 1502 non
550 1444 694 1523 poterat,
727 1434 847 1517 legisse
870 1437 1034 1520 putandus
1062 1435 1135 1500 est?
1176 1433 1334 1521 Suspicor

218 1562 293 1604 eum
320 1538 361 1601 de
387 1547 489 1602 metro
510 1559 626 1622 parum
653 1535 826 1600 sollicitum
855 1535 985 1602 dedisse
1018 1531 1108 1620 ἥρως
1134 1530 1333 1619 Ἁλιροθίου

218 1640 273 1704 vel
292 1634 485 1722 Ἀλιρόδιος
510 1638 543 1700 h.
564 1660 592 1700 e.
621 1636 804 1722 Neptunius
831 1638 938 1704 heros.
980 1641 1045 1703 Ter
1070 1640 1155 1703 enim
1180 1639 1214 1700 in
1234 1637 1331 1702 codd.

220 1741 309 1805 Gott.
332 1741 422 1804 Vrat.
446 1739 490 1801 D.
513 1732 619 1822 ἥρως,
643 1734 729 1822 ἥρωι·
750 1749 782 1803 et
804 1735 893 1823 ἥρως
917 1741 989 1827 (pro
1012 1741 1141 1827 Σῆμος)
1160 1739 1330 1825 repetitur.

217 1840 332 1928 Neque
360 1841 425 1905 alia
449 1848 518 1904 arte
547 1841 715 1904 conciliari
741 1841 897 1905 lectiones
926 1838 1014 1924 ἥρως
1041 1850 1073 1905 el
1094 1845 1208 1923 Σῦρος
1232 1862 1332 1928 posse

218 1943 382 2024 videntur,
402 1963 498 2028 quam
519 1950 554 2005 ut
574 1942 608 2003 in
626 1942 738 2006 codice
758 1945 913 2028 scriptum
934 1943 1035 2006 fuisse
1059 1931 1181 2006 statuas
1204 1946 1331 2006 MAN-

220 2047 389 2108 TINEAC
407 2047 539 2127 HPoc,
572 2044 660 2108 unde
688 2045 853 2129 Didymus
880 2038 971 2126 ἥρως
1000 2042 1056 2106 alii
1080 2046 1183 2125 ῦηρος
1211 2042 1330 2107 elicue-

217 2154 304 2210 runt.
346 2146 397 2209 Ac
423 2145 588 2231 Didymus
613 2139 704 2228 ἥρως
732 2147 870 2212 fortasse
898 2145 1070 2209 ferendum
1098 2148 1242 2232 pulavit,
1273 2146 1330 2232 qui

217 2247 336 2310 sciret
326 2269 361 2309 m
374 2239 485 2328 ἥρωος
498 2241 605 2329 ἥρωες
618 2247 760 2311 mediam
772 2248 906 2331 corripi,
899 2245 966 2309 ·.cf
977 2245 1080 2310 Wolf
1093 2246 1190 2310 Hom.
1205 2246 1327 2333 Odyss.

217 2351 315 2426 3303
338 2348 484 2412 Boeckh.
506 2357 586 2412 nota
603 2349 694 2412 criti
657 2349 811 2413 tPind.
836 2371 868 2434 p.
892 2349 972 2430 4383
1002 2343 1124 2434 (adde
1123 2342 1217 2451 Ἡρα,
1241 2348 1329 2435 quod
1438 2387 1441 2392 -

215 2447 287 2511 fluit
317 2447 359 2512 ab
394 2449 547 2515 inusitato
576 2439 692 2533 Ἦμος,
726 2451 799 2514 Lat'
776 2459 917 2516 tinorum
949 2455 1052 2527 heras,
1090 2435 1327 2514 Germanorum

215 2551 334 2637 Herr..)
370 2550 474 2614 Simul
495 2552 571 2615 hinc
593 2560 667 2638 pate
668 2553 792 2638 t,quid
815 2551 877 2615 sibi
899 2550 1019 2614 Thesei
1036 2551 1157 2614 mentio
1179 2551 1213 2612 in
1233 2550 1325 2613 Vral.

214 2651 256 2714 A.
278 2651 399 2715 iniecta
420 2651 510 2716 veh.
538 2652 636 2716 Hunc
652 2654 738 2716 enim
756 2652 949 2717 Ovidiust
917 2653 1015 2715 etiam
1032 2657 1211 2731 Neptunium
1233 2657 1327 2716 heroa

214 2761 320 2816 vocat.
351 2793 388 2802 -
413 2754 526 2840 Tycho
550 2755 742 2818 Mommsen.
770 2753 804 2815 in
831 2752 945 2817 Museo
968 2751 1074 2816 Rhen.
1099 2754 1139 2816 N.
1161 2756 1199 2817 F.
1223 2753 1273 2817 IV
1293 2777 1324 2840 p.

216 2856 277 2918 548
299 2856 469 2940 ingeniose
487 2857 603 2920 conicit
623 2848 668 2920 clv
687 2855 802 2930 ἵπποις
823 2848 867 2917 σῦ
887 2849 924 2917 δὲ
945 2854 1098 2935 τέτρασιν
1118 2855 1122 2942 Ι
1142 2850 1207 2920 ἀπὸ
1224 2858 1326 2919 Μαν-

215 2957 336 3042 τινέας,
360 2951 449 3040 Σῦμ’
468 2950 660 3041 Ἀλιῤῥόδιε
682 2966 744 3021 παῖ
760 2955 815 3019 vel
830 2950 1050 3040 Ἁλιρῥόχθιε.

744 3146 794 3206 21.

298 3257 350 3322 Ol.
375 3262 427 3322 ΙΓ
445 3261 484 3321 27
508 3283 540 3346 p.
565 3263 623 3323 271
657 3263 717 3337 τίς
745 3256 820 3345 γὰρ
849 3262 1033 3337 ἱππείοις
1062 3249 1105 3324 έν
1132 3259 1325 3349 ἔντεσσιν

213 3359 351 3442 μέτρα·
366 3393 409 3404 -
423 3362 612 3444 Δίδυμος
632 3361 671 3426 δέ
688 3378 770 3444 φησι
793 3359 875 3446 μήτε
896 3357 976 3440 τοῦς
992 3355 1152 3436 ι’ππικοῦς
1174 3358 1325 3444 δρόμους

212 3457 294 3544 μήτε
324 3456 383 3536 τὰς
411 3463 480 3524 τῦν
510 3455 668 3546 ἁρμάτων
695 3458 902 3540 κατασκευὰς
923 3461 1005 3548 μήτε
1027 3459 1087 3528 τόν
1108 3457 1247 3544 χαλινόν
1268 3455 1324 3526 διδι

211 3557 343 3626 τούτων
367 3564 573 3647 δηλοῦσθαι,
604 3559 687 3629 ἀλλὰ
717 3561 777 3629 τόν
799 3562 999 3649 κεραμειιιδν
1020 3561 1143 3647 τράχον
1164 3563 1200 3628 έιι
1223 3586 1324 3646 μετα-

213 3668 320 3784 μορῦς
341 3661 481 3748 διχόθεν
503 3665 796 3783 μετενηνεγμένης.
818 3669 917 3730 τοῦτο
936 3661 998 3749 μὲν
1015 3659 1067 3730 ότι
1086 3665 1187 3742 ιππος
1202 3667 1324 3742 οἰκεῖος

82 3783 85 3788 ·
212 3758 371 3851 δτροχός,
392 3769 492 3830 τοῦτο
508 3761 577 3829 δδ“
556 3790 608 3832 οτι
622 3753 832 3849 ἑκατέρωθεν
844 3763 1018 3832 ἐλαύνεται
1032 3761 1205 3842 ῦπδποδδς
1221 3765 1323 3849 πτέρ-

211 3890 282 3950 νης.
305 3872 531 3950 Καλλίμαχος·
555 3862 770 3968 πτέρνηδ’
791 3853 1231 3950 ἵπποςέλαννόμενος.
1266 3867 1322 3929 καὶ

209 3965 426 4050 Θεόφραστος
454 3962 491 4032 δέ
519 3967 556 4032 έν
586 3972 632 4055 τῷ
658 3961 790 4052 περὶ
757 3964 953 4053 ενρημῦτων
970 3963 1147 4052 Ὑπέρβιον
1169 3965 1229 4031 τὸν
1251 3971 1322 4031 Κο-

212 4065 350 4150 ρίνθιόν
377 4079 482 4150 φησιν
513 4061 691 4152 εὑρηκέναι
719 4063 780 4151 τὴν
807 4071 868 4132 τοῦ
890 4072 1092 4152 ιιεραμειιιοῦ
1113 4071 1237 4152 τροχοῦ
1256 4091 1321 4151 μη-

163 4197 165 4202 ’
209 4165 326 4251 χανήν.
364 4169 466 4252 μέτρα
488 4170 525 4235 δὲ
546 4163 653 4235 αῦτδν
673 4166 899 4253 δ’Πίνδαρος,
933 4165 1085 4252 παρόσον
1107 4168 1144 4232 ἐκ
1163 4190 1321 4251 κεραμει-

209 4271 274 4330 ιιοῦ
301 4272 499 4352 μετροῦμεν.
537 4275 558 4352 ξ
588 4264 607 4334 ὁ
631 4271 819 4354 Δίδυμος
846 4269 962 4354 ἑτέραν
987 4266 1194 4334 ἀποδίδωσιν
1212 4264 1322 4345 οὕτως
