2858 4882
215 375 278 437 386

304 534 517 602 Pertinebant
539 533 623 598 tales
646 531 891 617 disquisitiones
921 528 1161 616 quodammodo
1191 528 1235 592 ad
1264 549 1338 591 eam

217 641 372 706 historiae
398 635 563 701 literariae
589 641 724 719 partem,
750 653 847 719 quam
865 653 925 695 nos
942 629 1194 716 biographicam
1215 650 1337 694 vocare

220 740 459 808 consuevimus.
504 736 544 799 In
570 756 635 822 quo
657 732 822 798 scribendi
843 753 965 817 genere
983 753 1001 794 e
1021 731 1204 822 scierimus,
1227 729 1324 793 multi

219 843 367 908 tudinem
397 839 556 903 librorum
587 837 616 900 si
648 832 881 920 spectabimus,
921 831 1010 896 haud
1039 831 1137 896 facilc
1170 833 1337 919 quispiam

222 942 506 1010 Chamaeleontem
525 936 739 1025 superaverit.
782 933 859 998 Vid.
879 933 978 997 indic.
1001 932 1044 997 ad
1058 932 1182 996 Athen.
1201 956 1234 1021 p.
1255 935 1336 998 1838

221 1043 338 1108 Dindf.
382 1041 522 1126 Propius
547 1048 657 1102 tamen
683 1037 725 1100 ad
751 1035 866 1119 finem,
899 1056 995 1122 quem
1017 1034 1083 1098 'sihi
1104 1035 1139 1096 in
1165 1033 1338 1098 literarum

221 1147 358 1212 historia
378 1139 550 1208 condenda
563 1146 675 1203 nostra
690 1147 780 1202 aetas
796 1138 974 1219 constituit,
990 1135 1156 1222 Didymus
1178 1135 1212 1197 in
1237 1157 1337 1221 opere

222 1245 474 1331 castigatissimo
498 1238 574 1323 περὶ
595 1242 745 1322 λυρικῶν
769 1240 947 1324 composito
969 1240 1147 1301 accessisse
1168 1236 1336 1324 putandus

169 1389 171 1394 ,
223 1359 319 1430 esset,
340 1347 405 1410 nisi
426 1342 480 1407 hic
499 1343 570 1428 ipse
589 1340 689 1422 liber,
712 1347 748 1402 ut
765 1340 800 1402 in
820 1348 991 1404 comment.
1015 1337 1062 1402 IV
1083 1349 1168 1424 part.
1189 1344 1209 1403 4
1233 1341 1338 1427 suspi-

223 1461 315 1516 catus
336 1471 423 1530 sum,
450 1444 596 1531 Didymo
617 1443 725 1529 potins
747 1440 934 1505 Heraclidis
962 1440 1029 1506 filio
1051 1442 1177 1505 musico
1200 1442 1333 1507 nobilis·

224 1555 315 1635 simo,
339 1571 435 1638 quam
452 1546 667 1610 Chalcentero
688 1543 915 1607 attribuendus
938 1564 1010 1606 esse
1024 1543 1203 1625 videretur,
1226 1565 1335 1630 quam-

224 1675 321 1739 quam
349 1647 582 1732 Bernhardyus
609 1647 630 1709 l.
651 1645 674 1708 l.
705 1643 740 1707 II
767 1667 799 1730 p.
824 1646 885 1707 537
912 1643 1066 1708 lectorem
1089 1644 1132 1708 ad
1161 1649 1193 1725 ξ.
1219 1649 1297 1728 107,
1321 1651 1339 1709 7

223 1775 255 1838 p.
278 1755 340 1813 117
350 1750 372 1835 ¹)
398 1747 548 1830 relegans
570 1746 706 1809 Pindari
733 1747 945 1831 interpretem
973 1745 1015 1809 ab
1042 1753 1175 1810 auctore
1194 1745 1277 1812 libri
1299 1746 1340 1811 de

224 1853 329 1937 poetis
351 1849 462 1935 lyricis
484 1847 621 1911 Graecis
642 1869 707 1911 non
730 1847 911 1930 distinguit.

761 2036 797 2115 o.

313 2187 420 2267 ‘Quid
449 2193 480 2248 et
504 2205 569 2270 qua
591 2185 716 2248 ratione
745 2185 810 2248 iam
834 2185 953 2249 Graeci
978 2187 1021 2249 ad
1049 2185 1218 2249 literarum
1241 2185 1341 2250 histo-

225 2291 307 2352 riam
328 2286 531 2351 condendam
553 2284 810 2349 elaboraverint’
833 2286 928 2350 brevi
946 2287 1096 2373 exposuit
1113 2285 1341 2372 E.Koepkius

228 2387 351 2476 (Berol.
377 2389 467 2449 1815.
494 2387 552 2473 4.),
583 2408 626 2449 ex
653 2388 745 2450 cuius
769 2387 923 2475 opusculo
944 2386 1007 2450 huc
1030 2387 1189 2474 imprimis
1213 2387 1341 2452 faciunt

225 2485 259 2578 p.
282 2492 405 2554 13-16
433 2489 607 2573 disputata.
652 2486 767 2575 Itaque
793 2491 913 2575 partim
938 2486 1013 2569 napi
1040 2491 1189 2568 ποιητῶν
1214 2491 1250 2552 in
1270 2491 1341 2552 uni-

227 2612 369 2674 versum,
390 2589 510 2676 partim
531 2587 607 2672 περὶ
622 2592 773 2671 λυρικῶν
785 2592 934 2672 ποιητῶν
949 2592 1028 2675 (quo
1040 2588 1150 2652 indice
1162 2589 1341 2675 inscriptus

227 2692 365 2778 Didymi
391 2688 476 2754 liber
501 2711 579 2752 num
603 2711 679 2776 pars
708 2689 807 2753 fuerit
833 2690 999 2774 amplioris
1027 2688 1133 2775 operis
1163 2690 1205 2754 de
1233 2691 1340 2776 poetis

227 2792 397 2878 compositi
418 2790 459 2853 ab
477 2790 590 2855 Orion.
611 2798 652 2853 et.
673 2791 724 2872 58,
740 2794 844 2853 7-14
866 2790 990 2854 laudati
1022 2813 1083 2854 nec
1101 2812 1158 2873 ne,
1189 2795 1340 2876 quaestio

228 2903 277 2958 est
294 2891 449 2978 expeditu
466 2890 675 2977 difficillima)
697 2890 797 2954 libros
815 2891 1030 2956 condiderunt
1046 2891 1227 2956 Glaucus
1244 2892 1340 2956 Rhe·

228 2996 346 3079 ginus
368 2992 468 3077 Diog.
490 2992 550 3056 La.
573 2992 626 3055 IX
649 2998 678 3076 7,
702 2996 720 3056 6
743 2991 829 3055 Plut.
854 2993 894 3056 de
916 3014 999 3056 mus.
1019 2993 1053 3056 X
1067 3015 1099 3080 p.
1115 2995 1176 3056 654
1191 2991 1233 3055 R.
1255 2993 1340 3056 Har-

226 3116 315 3180 pocr.
347 3095 422 3173 129,
453 3097 472 3157 6
504 3092 614 3156 Bekk.
642 3092 794 3176 testibus,
826 3095 918 3157 cuius
947 3116 1028 3180 opus
1056 3088 1187 3158 fuerunt
1220 3093 1276 3181 qui
1299 3093 1340 3157 ab

227 3192 483 3278 Antiphonte
504 3194 686 3279 profectum
706 3216 777 3257 esse
799 3193 1034 3258 arbitrarentur
1055 3203 1138 3259 teste
1160 3194 1249 3260 Plut.
1272 3196 1340 3259 An-

226 3293 306 3379 tiph.
322 3315 354 3377 p.
370 3293 409 3355 28
426 3292 476 3355 ed.
493 3292 679 3379 Westerm.,
704 3293 858 3359 Critias
882 3296 956 3377 περὶ
970 3299 1118 3377 ποιητῶν
1137 3295 1191 3359 καὶ
1209 3301 1340 3381 σοφῶν,

228 3395 293 3458 nisi
313 3392 457 3457 fallimur
480 3416 553 3457 cum
571 3393 731 3458 Muellero
753 3394 793 3458 fr.
816 3394 891 3458 hist.
916 3395 973 3460 Gr.
998 3396 1063 3461 vol.
1086 3396 1121 3459 ΙΙ
1143 3421 1175 3484 p.
1186 3404 1237 3481 70,
1261 3397 1341 3462 Da-

228 3503 378 3558 mastes
400 3493 615 3579 Sigeensis
644 3493 735 3560 Suid.
754 3496 878 3560 Eudoc.
901 3519 932 3582 p.
958 3499 1017 3558 127
1042 3496 1221 3563 Phanias
1242 3501 1341 3564 Ere·

230 3597 315 3660 sius
336 3596 456 3661 Athen.
475 3596 559 3660 VlII
575 3595 723 3684 pasto,
743 3597 978 3660 Demetrius
994 3596 1222 3665 Phalereus
1239 3601 1340 3686 Diog.

215 3698 288 3761 La.
309 3698 343 3760 II
366 3699 401 3780 8,
426 3702 445 3763 9
474 3699 624 3763 Eustath.
656 3706 688 3762 et
717 3696 818 3762 schol.
847 3695 909 3760 Od.
936 3720 958 3778 γ
981 3700 1042 3762 267
1070 3697 1161 3765 Suid.
1189 3725 1223 3787 p.
1249 3705 1341 3785 1245,

228 3799 458 3885 Dionysius
487 3797 701 3864 Phaselita
729 3798 855 3862 Eudoc.
879 3821 911 3884 p.
934 3800 995 3862 308
1025 3821 1177 3886 anonym.
1201 3802 1260 3864 vit.
1287 3802 1342 3864 Ni-

228 3900 324 3964 cand.
349 3922 401 3985 ap.
421 3899 596 3964 Westerm.
619 3899 725 3984 biogr.
747 3923 779 3985 p.
803 3902 861 3981 61,
890 3898 1001 3963 Lobo
1027 3900 1210 3986 Argivus
1239 3903 1341 3988 Diog.

228 4000 289 4064 La.
314 4000 331 4062 I
356 4003 404 4082 10,
429 4005 447 4063 7
475 4002 624 4067 Mueller.
651 4002 727 4064 hist.
758 3999 815 4064 Gr.
844 3999 898 4063 III
926 4026 958 4089 p.
983 4004 1037 4084 27,
1065 4001 1341 4088 Lysimachus

300 4207 326 4274 1)
351 4208 425 4258 Idem
448 4210 476 4258 in
501 4225 532 4259 eo
551 4208 635 4259 falsus
655 4213 710 4272 est.
733 4209 805 4274 quod
826 4208 879 4259 duo
902 4208 1037 4260 duntaxat
1061 4209 1162 4259 alibro
1182 4205 1248 4276 περὶ
1265 4210 1342 4276 λυρι-

230 4290 288 4342 κῶν
307 4292 434 4357 ποιητῶν
452 4298 602 4361 composito
622 4297 776 4361 fragmenta
794 4301 912 4347 aetatem
931 4297 1027 4347 tulisse
1044 4295 1174 4346 affirmat.
