2858 4882
188 340 299 401 ,400

234 511 315 584 secte
340 508 467 569 Tullium
488 508 694 582 reprehendit,
720 508 916 582 silloproptos
939 511 1067 568 imitatus
1096 513 1258 586 scriptores
1283 530 1347 572 ma-

239 612 362 684 ledicos,
392 610 502 669 iudicio
532 609 686 668 doctarum
710 611 830 667 aurium
858 611 1027 684 incusetur,
1056 619 1088 670 ut
1117 614 1262 673 immersio
1279 614 1348 687 sre—

238 719 361 772 mentem
386 715 498 771 leonem
519 709 691 784 petredulr's
720 711 837 769 vocibus
866 716 989 783 (conus)
1011 716 1127 772 catulus
1147 717 1266 788 torpeus
1286 720 1348 775 er'r—

238 815 449 873 cumlotrons.’
495 806 622 870 Horum
646 806 820 889 librorum,
843 828 978 892 quorum
999 811 1156 873 memoria
1179 810 1249 874 fere
1271 811 1347 875 obli·
1383 795 1393 820 ’

237 919 343 975 terata
367 918 431 990 est,
461 907 609 973 meminit
630 917 761 994 praeter
786 909 996 972 Ammianum
1018 932 1103 974 unus
1126 910 1247 976 Suidas
1271 935 1296 976 s.
1317 935 1348 975 v.

243 1010 459 1096 Τράγκνλλος
482 1057 489 1072 .
515 1058 522 1072 .
548 1058 555 1073 .
581 1054 589 1073 .
613 1006 766 1091 περὶτῆς
789 1008 981 1091 Κικέρωνος
1003 1015 1187 1096 πολιτείας,
1219 1006 1348 1078 ἀντιλέ-
1397 1018 1400 1026 “

238 1138 290 1198 per
319 1110 356 1179 δὲ
389 1115 434 1199 τῷ
464 1108 616 1198 Acinippo.
644 1149 688 1158 -·
717 1110 805 1174 Hinc
833 1111 956 1174 sactum
990 1120 1039 1174 est
1071 1122 1108 1176 ut
1137 1135 1157 1176 a
1185 1115 1348 1179 nonnullis

234 1225 346 1280 noster
374 1217 460 1278 inter
482 1212 698 1299 sillographos
724 1211 918 1294 referretur,
948 1235 977 1276 e.
1000 1235 1033 1298 g.
1057 1237 1077 1277 a
1097 1215 1218 1280 Vossio
1239 1216 1344 1280 Instit.

237 1326 323 1405 poet.
347 1315 383 1379 ΙΙ
404 1337 432 1378 c.
454 1317 494 1378 20
517 1318 537 1394 ξ
560 1317 586 1376 1.
631 1313 884 1376 Verumtamen
907 1315 1038 1378 omnino
1058 1337 1123 1380 non
1147 1319 1253 1402 magis
1277 1340 1349 1382 oon-

204 1465 205 1468 ,
238 1428 311 1501 stat,
332 1439 414 1504 opus
436 1414 519 1480 illud
539 1423 647 1480 utrum
667 1413 770 1498 ligata
781 1435 823 1477 an
845 1414 952 1478 soluta
971 1419 1116 1483 oratione
1136 1421 1347 1504 compositum

238 1521 352 1602 fuerit,
375 1539 472 1605 quam
494 1518 719 1581 sententiaene
741 1537 783 1578 an
811 1515 904 1579 stilus
924 1516 1091 1582 Ciceronis
1120 1521 1154 1584 in
1176 1520 1349 1605 reprehen-

239 1623 363 1685 sionem
386 1619 524 1704 Didymi
555 1618 717 1682 inciderit.
761 1617 838 1681 Vid.
870 1617 1009 1681 Paulum
1043 1620 1084 1683 de
1115 1619 1197 1684 sillis
1231 1643 1264 1706 p.
1299 1625 1347 1684 22.

237 1721 427 1786 Hariolatur
446 1721 547 1804 igitur
580 1743 631 1783 me
654 1720 763 1785 iudice
792 1720 848 1783 Fr.
872 1721 1018 1785 Ritterus
1037 1744 1070 1807 p.
1094 1724 1130 1804 3,
1150 1744 1224 1786 cum
1253 1724 1347 1788 dicit:

237 1824 400 1888 ‘Antonio
420 1821 577 1886 hactenus
596 1821 798 1905 gratificatus
823 1830 888 1905 est,
914 1831 950 1886 ut
973 1822 1141 1892 Ciceronis
1160 1825 1302 1890 consilia
1319 1835 1349 1890 et

234 1928 395 1990 rationem
430 1923 649 2011 capessendae
684 1924 885 2011 reipublicae
912 1947 972 1988 sex
1003 1925 1097 1990 libris
1135 1929 1347 2011 exagitaret)

237 2029 467 2094 Coniecturam
500 2027 647 2113 profecto
683 2027 762 2090 satis
795 2025 1005 2091 vacillantem
1043 2028 1185 2092 debebat
1222 2031 1347 2093 minore

236 2152 309 2194 cum
336 2129 534 2198 confidentia
560 2119 788 2215 pronunciare.
824 2128 953 2207 Quanto
974 2130 1096 2194 rectius
1118 2129 1231 2194 bacin
1253 2153 1346 2218 quae-

235 2232 340 2296 stione
371 2213 606 2294 antestabimur
627 2228 771 2292 Plinium
803 2231 838 2291 in
871 2229 1011 2315 epistula
1040 2233 1280 2315 nuncupatoria
1307 2231 1347 2296 ad

234 2331 474 2417 Vespasianum
494 2353 526 2417 p.
551 2332 570 2393 8
592 2331 683 2415 Rip„
707 2331 766 2416 qui
787 2329 979 2394 Ciceronem
997 2331 1038 2413 in
1060 2329 1153 2396 libris
1183 2333 1224 2396 de
1254 2351 1346 2420 repu-

234 2433 322 2497 blica
339 2432 486 2496 Platonis
509 2453 544 2494 se
566 2432 717 2496 comitem
741 2453 813 2496 esse
837 2431 1021 2520 professum
1039 2433 1157 2517 refert3
1178 2444 1278 2522 atque
1296 2437 1346 2499 hic

233 2536 304 2620 ipse
333 2555 458 2616 comes,
494 2534 522 2596 si
552 2555 657 2596 meam
687 2533 945 2620 qualemcunque
975 2535 1161 2622 opinionem
1196 2537 1345 2625 requiris,

233 2635 320 2721 apud
339 2635 519 2722 Didymum
540 2634 655 2698 habuit
674 2635 898 2699 offensionem.
941 2637 1152 2701 Aristotelem
1176 2639 1264 2701 enim
1284 2661 1346 2702 ma·

233 2740 302 2803 iore
332 2760 429 2824 quam
452 2736 622 2802 Platonem
652 2757 763 2800 amore
790 2745 936 2801 nostrum
965 2738 1152 2824 amplexum
1176 2762 1249 2804 esse
1271 2742 1346 2804 scri·

232 2849 289 2927 pta
311 2842 380 2903 eius
403 2839 596 2926 loquuntur,
627 2837 744 2901 Cicero
767 2860 846 2902 vero
859 2827 989 2902 'factum
1012 2860 1083 2902 esse
1103 2848 1212 2924 potest
1233 2851 1270 2905 ut
1291 2845 1347 2905 vix

233 2941 440 3004 millesimam
462 2941 632 3027 utriusque
649 2939 834 3026 philosophi
856 2950 982 3027 partem
1004 2949 1093 3004 recte
1117 2942 1344 3006 intellexisset.

233 3042 285 3106 Of.
310 3041 351 3105 A.
373 3042 454 3104 Maii
471 3041 575 3127 praef.
598 3066 631 3129 p.
653 3040 812 3116 XXXlII
833 3043 883 3107 ed.
903 3044 1021 3108 Moser.

548 3345 549 3348 ,
638 3289 642 3294 ·
729 3279 843 3384 [ne]

270 3508 272 3514 ,
318 3445 467 3534 [Didymi
489 3445 710 3511 Alexandrini
736 3471 933 3512 marmorum
952 3449 988 3513 'et
1009 3449 1174 3533 lignorum
1193 3473 1344 3536 quorum·

229 3548 282 3616 vis
297 3571 488 3632 mensurae,
510 3572 559 3633 gr.
579 3571 621 3612 ex
642 3549 795 3613 Ambros.
820 3552 892 3615 cod.
917 3573 988 3614 cum
1012 3551 1122 3614 latinis
1137 3552 1260 3634 Angeli
1278 3552 1345 3615 Mai

227 3648 314 3711 notis
337 3657 369 3712 et
397 3650 563 3732 interpret.
587 3648 710 3732 prodiit
734 3648 867 3712 Mediol.
894 3651 985 3712 1817.
1008 3651 1037 3712 8.
1070 3649 1112 3712 ad
1140 3649 1223 3712 calc.
1248 3649 1342 3712 Iliad.

230 3749 547 3814 Commemoraverat
570 3748 635 3810 iam
662 3749 690 3812 I.
713 3750 755 3813 A.
778 3750 950 3817 Fabricius
972 3751 1011 3813 B.
1037 3751 1077 3814 G.
1109 3749 1198 3812 XIII
1219 3773 1251 3835 p.
1286 3753 1337 3811 141

227 3851 285 3915 lib.
305 3850 354 3914 VI
382 3873 452 3936 cap.
475 3850 527 3913 IX
554 3850 692 3936 Didymi
719 3851 938 3938 Alexandrini
961 3850 1036 3935 περὶ
1065 3854 1133 3914 τῶν
1155 3847 1342 3933 μαρμάρων

227 3951 282 4016 καὶ
311 3955 479 4016 παντοίων
500 3950 611 4028 ξύλων
632 3951 821 4034 μετρήσεως
852 3975 895 4017 ex
913 3953 1068 4017 Anatolio
1092 3952 1186 4015 Msto
1214 3952 1248 4013 in
1271 3951 1342 4014 cod.

227 4053 389 4117 Bavarico
409 4054 495 4142 238.]
