2812 4868
1146 345 1187 409 11

73 514 194 580 Sallier
223 514 327 579 Moer.
360 535 392 600 p.
424 517 464 579 83
492 544 534 572 ==
560 535 593 600 p.
617 515 655 577 61
686 511 765 598 Lps.
800 512 997 601 Bernhardy
1029 514 1121 579 Erat.
1153 537 1186 602 p.

75 621 138 682 265
160 617 201 681 fr.
224 617 264 682 L.

159 719 375 806 Harpocratie
396 715 489 782 libris
512 716 769 782 Eratosthenicis
803 716 844 780 de
865 717 1034 782 comoedia
1056 719 1187 806 scriptis

74 832 125 887 ter
153 831 202 886 est
224 843 314 885 usus.
336 820 374 884 P.
400 822 454 902 53,
478 823 497 883 5
519 813 705 896 δεκάζων
724 817 861 904 (Bernh.
883 839 914 904 p.
937 818 1023 904 214),
1047 841 1185 906 quocum

70 923 152 987 facit
173 921 318 1008 Hesych.
341 921 377 984 II
404 923 465 984 599
498 915 616 984 Λύκον
639 915 749 1002 δεκάς,
780 917 823 984 cf.
852 917 975 984 Zenob.
999 919 1031 984 V
1053 923 1082 986 2.
1109 921 1126 986 Ι
1152 943 1185 1008 p.

77 1027 135 1086 115
171 1023 265 1088 Ρ11111.
287 1025 358 1106 235,
381 1023 562 1104 23-236,
585 1023 603 1086 3
631 1020 722 1087 Suid.
745 1020 781 1084 II
804 1025 817 1084 1
842 1043 874 1107 p.
898 1023 960 1086 635
983 1031 1025 1088 et.
1048 1045 1090 1088 111.
1115 1026 1186 1107 254,

74 1128 125 1208 29,
149 1125 205 1212 qui
227 1125 319 1189 addit
336 1128 471 1206 πρῶτον
493 1123 533 1188 δέ
549 1141 632 1207 φησι
657 1125 716 1209 (sc.
736 1123 843 1209 Erat.)
867 1118 1004 1190 δικάσαι
1025 1122 1186 1208 Μέλητον

76 1227 180 1313 (vulg.
192 1227 300 1312 mru)
323 1226 407 1292 Poll.
424 1249 456 1312 p.
470 1229 531 1291 356
548 1226 600 1290 ed.
613 1225 733 1308 Bekk.,
755 1223 865 1290 Bekk.
888 1226 1026 1292 anecdd.
1050 1227 1150 1310 1236,
1166 1231 1185 1293 3

74 1327 209 1392 Bachm.
240 1328 377 1394 eneodd.
407 1327 424 1391 I
449 1330 525 1410 196,
549 1329 587 1390 21
618 1349 771 1414 anonym.
793 1347 890 1391 mser.
919 1349 971 1413 ap.
990 1327 1118 1414 Langb.
1142 1329 1186 1394 ad

74 1429 215 1515 Longin.
245 1429 312 1494 ind.
340 1451 373 1495 v.
396 1431 590 1509 deuectam
619 1429 780 1495 Fritzsch.
809 1429 849 1494 de
872 1438 949 1494 sort.
973 1430 1063 1496 iudd.
1088 1453 1119 1518 p.
1144 1435 1185 1498 36

74 1531 188 1595 Meier.
217 1530 257 1595 de
283 1529 360 1596 bon.
391 1531 499 1596 damn.
526 1554 558 1618 p.
583 1531 641 1595 114
684 1532 798 1596 Meier.
822 1539 855 1596 et
875 1529 1023 1596 Schoem.
1056 1555 1088 1619 p.
1114 1536 1184 1598 156.

74 1633 192 1698 Utrum
213 1655 292 1698 vero
315 1632 571 1708 Eratosthenem
587 1632 855 1720 Harpocrationis
873 1656 905 1720 p.
932 1636 990 1696 125
1014 1645 1110 1717 μεῖον
1131 1633 1187 1699 aul

74 1732 261 1818 μεταγωγός
283 1734 419 1820 (Bernh.
440 1757 472 1823 p.
495 1735 570 1822 224)
594 1737 777 1822 respexerit
798 1735 943 1822 Hesych.
957 1736 992 1800 II
1007 1739 1069 1801 559
1089 1759 1187 1820 μεια-

73 1832 193 1920 γωγός,
215 1856 298 1922 quae
316 1835 427 1920 glossa
447 1837 588 1922 pertinet
610 1836 722 1901 adAr.
735 1837 841 1903 Rann.
857 1841 929 1920 810,
951 1859 1064 1921 necue,
1082 1838 1186 1902 incer-

72 1947 141 2002 tum
157 1945 313 2002 remanet.
336 1936 489 2024 Denique
504 1960 587 2025 quae
603 1939 644 2003 de
658 1962 690 2004 v.
708 1946 878 2021 μεταλλεῖς
892 1939 1051 2027 (Meinek.
1060 1949 1184 2028 quaest.

74 2063 117 2105 so.
133 2039 213 2125 Hp.
227 2038 282 2125 33)
306 2039 472 2104 iudicabat
494 2039 585 2105 Erat.
609 2040 713 2128 Harp.
728 2062 760 2127 p.
775 2044 843 2125 126,
867 2044 907 2104 25
930 2063 988 2108 cur
999 2041 1185 2128 Hesychius

74 2141 180 2206 lexico
203 2141 363 2205 insereret
381 2163 498 2206 caussa
520 2163 586 2206 non
609 2151 688 2206 eret.
784 2181 790 2192 ·
1104 2143 1105 2148 ’

158 2241 278 2306 Tribus
298 2244 395 2306 etiam
417 2243 497 2308 locis
521 2243 597 2308 libri
608 2243 834 2309 Eratosthenis
856 2241 1019 2307 histrionii
1039 2247 1186 2311 meminit

71 2345 263 2410 Athenaeus
294 2344 343 2408 IV
378 2346 506 2428 14114,
548 2347 654 2432 quode
689 2367 788 2432 supra
818 2345 1011 2410 sententiam
1040 2352 1185 2410 nostram

73 2448 274 2535 aperuimus3
293 2446 345 2513 XI
366 2449 482 2532 5611),
504 2448 591 2514 unde
614 2448 843 2534 disputationis
866 2447 961 2510 initia
983 2447 1130 2532 fecimus,
1152 2457 1185 2514 et

72 2548 105 2614 II
129 2553 166 2612 41
183 2548 273 2611 D:
289 2547 343 2611 III
367 2550 424 2612 123
441 2547 468 2613 Ο
490 2548 647 2636 appositis
667 2547 792 2635 Sophili
810 2548 963 2612 Alexidis
985 2547 1185 2614 Philemonis

73 2650 245 2738 Amphidis
268 2649 464 2714 testimoniis
490 2651 578 2715 haud
608 2651 706 2715 dubie
735 2673 778 2714 ex
802 2649 1020 2714 Eratosthene
1048 2650 1186 2739 Didymi

72 2752 196 2838 petitis:
219 2746 397 2835 χἈθηναῖοι
425 2749 461 2816 δὲ
484 2752 716 2836 μετακέρνς
737 2754 878 2816 καλοῦσι
900 2744 937 2817 τὸ
960 2748 1117 2837 χλιαρόν,
1139 2746 1186 2831 ὥς

70 2848 372 2939 Ἐρατοσθένης
388 2857 492 2937 φησίν
509 2853 757 2943 (Bernhardyus
768 2853 833 2916 LII
843 2876 876 2939 p.
890 2854 966 2940 237)
989 2855 1134 2944 Hesyoh.
1148 2855 1184 2922 ΙΙ

72 2959 132 3022 582
156 2955 410 3041 μετακέρας·
432 2953 470 3021 τὸ
492 2951 658 3039 εὔκρατον
680 2947 818 3040 11611ρῆ
838 2953 985 3040 χλιαρόν.

155 3057 298 3124 Ventum
319 3067 369 3123 est
389 3058 432 3123 ad
454 3068 552 3146 etym.
575 3078 740 3144 magnum.
763 3057 879 3122 Sexies
901 3056 954 3122 hio
972 3058 1184 3126 Eratostheni

71 3159 294 3224 testimonium
317 3160 507 3242 denunciet,
528 3182 561 3248 p.
581 3162 652 3242 286,
673 3163 714 3224 35
734 3157 867 3243 dodican
890 3163 975 3244 1416,
988 3164 1025 3225 31.
1047 3150 1118 3246 ἧδ’
1133 3161 1183 3248 ὃς]

72 3263 142 3344 529,
164 3264 207 3325 49
230 3258 312 3326 κατὰ
335 3257 457 3348 κόρρης
480 3265 594 3344 [547,1
620 3258 765 3346 Κύπρις]
790 3265 861 3344 547,
878 3264 918 3324 59
941 3259 1079 3349 κύρβεις
1098 3268 1183 3349 1573,

72 3359 219 3446 311116
245 3356 276 3427 τ’
305 3357 468 3446 ἀμολγαίη
494 3364 576 3446 (vid.
605 3363 698 3429 Erat.
726 3386 778 3450 ap.
805 3363 913 3442 Procl.
940 3363 1077 3430 Hesiod.
1108 3387 1181 3453 opp.

72 3465 158 3551 588)]
181 3467 258 3547 682,
283 3468 322 3528 55
345 3475 405 3530 eos
423 3467 532 3548 κῆχος.
578 3465 690 3532 Alieni
711 3489 754 3532 ex
774 3466 825 3531 his
848 3475 924 3531 sunt
945 3465 1009 3531 loci
1025 3468 1118 3533 uncis
1139 3469 1187 3532 in·

71 3567 163 3632 clusi.
207 3566 387 3631 Videamus
409 3566 562 3654 reliquos.
609 3570 647 3633 P.
672 3571 744 3652 286,
769 3573 809 3640 35
831 3566 920 3652 Δρά
928 3569 1025 3646 ξων·
1046 3563 1068 3653 ἡ
1087 3575 1186 3653 λεγο-

72 3668 152 3749 μένη
174 3665 347 3750 Σικελική.
371 3672 524 3753 σημαίνει
549 3668 584 3734 dl
605 3665 685 3747 τούς
708 3665 781 3736 κατ’
806 3665 934 3754 ἀγορὰν
949 3673 1018 3734 τῶν
1034 3664 1185 3754 ἀλφίτων

72 3760 89 3848 ἢ
112 3763 195 3844 τούς
215 3761 327 3834 ἄλλων
346 3775 450 3835 τινῶν
471 3772 718 3856 δραττομένονς
740 3771 795 3838 καὶ
816 3767 1033 3859 ἁρπάζοντας.
1077 3767 1186 3850 οὕτως

70 3861 308 3954 Ἐρατοσθένης
330 3867 545 3954 καπηδάλονς
568 3880 670 3940 καλεῖ.
710 3871 800 3958 παρὰ
822 3864 941 3939 οὖντὸ
964 3870 1177 3957 δράττεσθαι.

73 3974 127 4048 Εἰς
153 3965 197 4050 ,τό
227 3971 418 4057 Διογένους-
452 3964 555 4058 εὗρον
588 3972 653 4060 ἐγώ
683 3975 815 4058 docitur
847 3980 1023 4061 σημαίνειν
1056 3970 1185 4057 copod-

74 4077 206 4154 βοσκον.

112 4195 113 4200 ’
155 4169 262 4242 Valde
277 4178 484 4264 iampridem
499 4179 553 4244 hic
566 4179 656 4244 locus
671 4180 806 4245 vexavit
817 4180 855 4242 F.
867 4176 1033 4242 Renkium
1048 4175 1089 4240 de
1103 4174 1184 4240 Hes.

74 4283 177 4361 1146
217 4279 294 4345 Non
316 4279 415 4344 habet
438 4282 525 4346 enim
546 4282 751 4368 Hesychius,
780 4280 866 4367 quod
888 4277 1034 4359 mireris,
1062 4277 1186 4364 Dioge·
