2866 4882
1145 367 1206 430 303

97 533 256 621 τρήσεως,
276 533 416 617 λέγοντα
439 530 536 596 πέντε
557 529 637 614 γένη
660 525 745 595 εἶναι
768 525 883 595 αὐλάν
903 534 1110 611 παρθενίους
1128 555 1207 599 παι-

96 630 214 711 δικοὺς
249 635 525 717 κιθαριστηρίους
560 635 708 710 τελείους
745 627 988 712 ὑπερτελείους.
1042 632 1207 701 ἐλλείπειν

96 727 161 802 οὖν
194 738 247 800 δεῖ
278 731 369 818 παρὰ
394 737 441 822 τῷ
458 728 550 798 Ἵωνι
571 729 631 798 τὸν
657 736 694 798 τὲ
712 729 923 816 σύνδεσμον,
952 728 998 796 ἵν’
1021 723 1043 822 ᾖ
1066 732 1207 818 μάγαδις

97 833 202 914 αάλδς
221 831 561 919 ὁπροσαυλούμενος
583 839 623 922 τῇ
644 833 777 920 μαγάδι.
810 829 915 919 ἡγὰρ
937 832 1081 918 μάγαδις
1102 833 1206 921 ὄργα-

95 938 159 1005 νόν
182 938 251 1002 ἐστι
269 932 443 1021 ψαλτικόν,
457 927 511 1013 Ιως
530 933 717 1020 Ἀνακρέων
739 940 838 1020 φησί,
856 939 983 1001 Λυδῶν
1008 960 1042 1001 τε
1065 932 1204 1022 εὕρημα.

98 1038 151 1106 διὸ
176 1025 310 1115 καὶτὰς
331 1033 446 1114 Λυδὰς
468 1040 628 1118 ψαλτρίας
647 1039 750 1120 φησίν
774 1033 858 1102 εἶναι
880 1031 991 1102 ὁἼων
1013 1037 1049 1102 ἐν
1071 1043 1110 1125 τῇ
1130 1036 1207 1124 Ὀμ-

97 1141 188 1226 φάλῃ
216 1137 271 1206 διά
307 1137 453 1203 τούτων·
489 1133 659 1203 “άλλ’,εἷα
679 1138 787 1203 Λυδαί
811 1136 968 1220 ψάλτριαι
993 1141 1208 1206 παλαιθέτων

95 1238 215 1325 ὕμνων
242 1237 351 1306 ἀοιδοὶ
372 1236 433 1304 τόν
454 1230 550 1316 ξένον
573 1236 761 1323 κοσμήσατε
778 1246 868 1304 κτλ’.
899 1242 1034 1327 (Wagn.
1058 1242 1099 1307 fr.
1121 1253 1205 1328 trag.

96 1346 175 1408 min.
199 1343 264 1408 vol.
285 1341 338 1404 ΙΙΙ
358 1364 390 1427 p.
415 1343 482 1425 30).

183 1445 350 1508 Gustavus
376 1441 531 1506 Wolsfius
560 1441 600 1504 de
623 1439 723 1503 schol.
745 1439 844 1503 Laur.
866 1440 965 1527 Soph.
986 1466 1019 1529 p.
1045 1446 1098 1525 18,
1121 1454 1207 1530 post-

97 1567 194 1632 quam
222 1542 412 1608 Aristarcho
439 1542 619 1628 Didymum
646 1541 777 1627 saepius
807 1543 1045 1608 contradixisse
1073 1547 1207 1629 monuit,

97 1648 179 1711 haec
200 1646 308 1710 addit:
332 1650 504 1722 ‘eidemque
525 1654 595 1708 teste
610 1647 761 1706 Athenaeo
779 1642 864 1706 XIV
885 1647 945 1708 634
970 1652 1001 1709 iu
1023 1650 1105 1709 Iouis
1125 1668 1209 1711 com,-

98 1755 251 1813 mentoriis
281 1740 583 1828 ἀντεξηγήσεις
615 1751 779 1824 opposuit’.
833 1745 873 1807 In
904 1745 1018 1810 eadem
1048 1750 1210 1812 sententia

99 1849 162 1913 fuit
185 1850 248 1912 Gu.
274 1848 414 1933 Kayser.
440 1849 516 1910 hist.
539 1854 623 1929 trag.
645 1845 762 1910 Graec.
785 1869 817 1932 p.
843 1849 913 1910 182.
959 1847 1055 1926 Quod
1071 1869 1124 1912 me
1143 1868 1209 1911 non

99 1949 231 2034 assequi
263 1947 378 2014 fateor.
430 1946 499 2010 Alii
528 1946 630 2027 enim,
662 1947 711 2009 uti
734 1957 838 2032 patet,
871 1948 1008 2033 Didymi
1036 1950 1071 2010 in
1096 1949 1224 2014 Ionem·

100 2049 323 2115 commentarii
345 2057 446 2130 erant,
469 2047 553 2111 aliae
575 2047 612 2110 αί
624 2045 707 2126 πρὸς
715 2041 816 2112 Ἴωνα
830 2043 1072 2132 άντεξηγήσεις.
1094 2048 1209 2134 Neque

100 2150 292 2214 Aristarcho
315 2150 399 2233 ideo,
419 2150 505 2236 quod
525 2149 611 2211 hunc
633 2170 761 2234 quoque
779 2148 969 2214 Athenaeus
992 2150 1014 2213 l.
1026 2172 1054 2212 c.
1076 2149 1208 2236 loquen-

56 2321 61 2336 ,
100 2261 166 2315 tem
187 2251 266 2314 facit
295 2249 437 2336 Didymi·
461 2249 649 2314 discedente
682 2251 843 2313 sententia
870 2252 1023 2314 continuo
1054 2250 1208 2331 subiecta,

100 2351 269 2415 oblocutus
299 2371 370 2415 esse
393 2351 556 2436 Didymus
582 2349 747 2434 putandus
778 2358 836 2412 est.
881 2349 978 2428 Quod
1008 2351 1036 2412 si
1064 2350 1209 2413 indicare

100 2451 259 2515 voluisset
281 2449 485 2532 Athenaeus,
516 2450 666 2532 dixisset,
697 2453 826 2536 opinor,
862 2450 898 2513 ἐν
924 2460 994 2525 ταῖς
1019 2445 1102 2534 πρὸς
1121 2443 1210 2531 Ἀρί-

101 2568 244 2632 σταρχον
267 2545 535 2631 άντεξηγήσεσιν.
579 2551 723 2616 Diversa
746 2551 842 2643 plane
864 2551 1023 2614 Meinekii
1049 2551 1210 2613 sententia

103 2660 152 2714 est
175 2651 217 2714 ad
241 2651 351 2736 steph.
377 2650 458 2735 Byz.
481 2675 513 2738 p.
535 2654 612 2734 529,
637 2653 692 2737 qui
720 2675 758 2717 eo
780 2650 929 2730 inclinat,
961 2657 997 2712 ut
1020 2644 1209 2731 περὶἽωνα

102 2751 309 2816 scribendum
331 2760 477 2832 censeat,
501 2758 587 2830 ‘uisi
611 2753 725 2838 inquit,
746 2758 818 2816 libri
837 2756 1056 2828 inscriptionem
1077 2757 1108 2812 ia
1130 2755 1209 2813 λακο

100 2858 271 2915 sententium
293 2858 487 2930 interpretari
501 2860 652 2930 malueris,
673 2864 706 2916 νί
718 2859 863 2934 Didymus
878 2863 982 2916 contro
999 2859 1096 2931 ipsum
1106 2855 1209 2914 Ionem

101 2958 256 3030 scripsisse
277 2958 397 3031 eiusque
418 2958 540 3016 eluendi
558 2975 661 3031 γεκασ,
682 2965 762 3018 certe
783 2959 990 3016 υοοαθνίονυκι
1012 2955 1208 3029 quorumdum

102 3073 196 3129 usum,
217 3073 364 3117 censurae
378 3059 533 3118 subiecisse
547 3061 739 3131 existimetur,
761 3062 812 3119 eui
830 3053 949 3133 Quidem
966 3059 1098 3132 opinioni
1117 3072 1208 3128 eure-

99 3157 320 3234 yiesoueutea
341 3175 418 3232 quae
435 3158 604 3235 Stephanus
623 3162 728 3232 attulit,
749 3160 853 3234 quibus
874 3158 1105 3234 eddeHesycltii
1122 3159 1208 3229 γλοσ-

100 3275 163 3316 εακι
197 3254 346 3317 σπίλον
373 3257 660 3337 Παρνασσίαν.
695 3249 787 3320 Ἴων
815 3250 1010 3340 Ὀμφάλῃ·
1046 3247 1123 3318 οὐκ
1151 3241 1206 3316 εὖ.

101 3351 301 3430 σπιλάδες
317 3350 393 3437 γάρ
417 3355 580 3439 πέτραι,
611 3379 686 3436 quae
711 3363 847 3421 dubitare
868 3363 929 3422 noli
956 3363 1027 3434 quin
1045 3376 1086 3418 ee
1106 3359 1208 3418 eodem

100 3460 224 3534 Didymi
242 3461 319 3519 libro
334 3463 428 3534 petitu
448 3464 522 3534 είκι,
543 3480 637 3536 ουτω,
659 3467 718 3523 uisi
742 3466 910 3523 coniectura
927 3460 1018 3533 follit,
1040 3463 1146 3518 iterum
1167 3459 1209 3517 ud

96 3566 201 3634 portes
224 3567 307 3620 vocnt
325 3561 452 3636 Ηαεγςλ.
474 3580 497 3621 s.
520 3580 546 3621 υ.
568 3561 794 3640 Νυμφαῖον
813 3551 947 3637 ὄχθον
969 3553 1058 3618 κτὲ.’

186 3655 295 3741 Atque
319 3657 470 3742 equidem
496 3680 563 3722 non
582 3659 768 3722 inauditum
788 3665 851 3736 est,
879 3656 1106 3739 grammaticos
1129 3677 1207 3720 non-

101 3754 204 3819 nullis
215 3764 399 3841 poetarum,
423 3779 504 3844 quos
528 3756 839 3844 interpretabantm,
864 3754 1033 3820 vocabulis
1057 3755 1206 3837 offensos,

100 3856 374 3940 vituperationem
402 3879 493 3922 suam
514 3881 580 3923 non
605 3855 841 3944 suppressisse:
874 3879 902 3922 e.
926 3880 957 3942 g.
982 3856 1082 3920 schol.
1108 3854 1229 3940 Sophs

102 3951 166 4017 Tr.¹
182 3956 244 4018 602
264 3951 327 4019 οὐκ
358 3946 397 4020 εὖ
428 3953 528 4024 schol.
556 3959 669 4045 Eurip.
697 3958 771 4022 Alo.
799 3960 860 4021 238
885 3953 948 4021 οὐκ
978 3947 1017 4021 εὖ
1049 3959 1109 4018 797
1143 3949 1207 4018 οὐκ

106 4049 264 4146 εὐλόγως.
310 4053 375 4121 Sed
406 4060 595 4145 saepissime
620 4053 683 4122 οὐκ
711 4048 750 4122 εὖ
772 4058 976 4142 grammatici
1003 4063 1051 4118 est
1073 4055 1207 4118 alterius

104 4160 308 4241 grammatici
337 4161 531 4237 sententiam
559 4158 788 4246 improbantis,
824 4166 860 4220 ut
886 4155 967 4233 mihi
986 4176 1051 4218 non
1074 4153 1208 4217 dubium

92 4258 144 4320 -sit
158 4259 237 4342 quin
254 4280 305 4344 ap.
319 4257 463 4343 Hesych.
477 4281 503 4322 s.
517 4281 549 4322 v.
566 4262 687 4322 σπίλον
697 4257 915 4342 Παρνασσίαν
931 4262 1005 4340 post
1016 4278 1048 4319 v.
1059 4249 1207 4339 Ὀμφάλῃ
