2752 4890
519 339 717 430 -ss'-
1111 361 1169 424 ιω

62 529 129 619 γάρ
144 527 279 617 ’Τριίως
307 528 362 596 καί
390 524 517 615 ήῪρία
549 523 658 606 οὕτως
687 521 816 611 ὀφείλει
846 528 935 611 ἔχειν
965 523 1026 594 τόν
1056 531 1118 593 τοῦ
1149 551 1171 594 υ

60 633 232 718 φθόγγον.
261 643 426 717 μαρτυρεϊ
447 632 502 697 καί
519 625 673 708 Ἡσιόδος
694 627 802 714 λέγων
824 621 864 714 ‘6
885 630 961 714 ολην
976 623 1066 713 ’Τρίη
1090 635 1171 697 Βοι-

61 741 142 821 ωτίη
166 737 284 818 ἔτρεφε
307 731 466 817 κοάρην.’
511 735 552 800 Α.

149 840 221 902 516.
267 836 427 904 τῶνδέ·
456 831 539 901 κατά
561 829 700 919 δοτικήν
723 844 807 910 τοϊς
830 833 874 898 δέ
895 832 932 898 αἰ
943 827 1171 918 Ἀριστάρχου.

61 939 117 1006 ιιαί
139 941 231 1004 ἔστιν
253 933 372 1022 ὅμοιον
395 940 440 1025 τῷ
469 945 599 1002 *τοῖσι
626 930 659 1001 δ’
689 929 752 1019 ἅμ’
783 929 1044 1017 όγδάιιοντα’
1068 937 1172 1023 (568),

61 1041 116 1108 καὶ
146 1037 183 1107 τό
214 1037 329 1106 ἑνικὸν
355 1043 425 1127 ’τῷ
452 1035 487 1105 δ’
517 1032 596 1123 ἅμα
623 1033 959 1117 τεσσαράκοντα’
985 1037 1088 1126 (534).
1129 1038 1171 1103 A.

63 1144 106 1210 ef.
130 1145 204 1207 733.

147 1248 219 1308 517.
264 1239 465 1326 Φωκήων·
488 1238 528 1306 τά
546 1243 684 1306 τοιαῦτα
698 1242 798 1325 δεχοίς
816 1241 854 1307 έν
872 1252 943 1318 ταίς
956 1237 1172 1327 Ἀριστάρχου

62 1339 281 1428 εὑρίσκομεν,
301 1342 356 1410 καὶ
379 1339 436 1408 διά
456 1345 518 1408 τοῦ
537 1365 566 1408 ει
579 1346 784 1429 Φωκείων,
806 1338 937 1414 ααίδιά
958 1346 1020 1409 τοῦ
1039 1367 1061 1428 η
1080 1349 1173 1410 Φω-

61 1442 184 1532 κήων
220 1446 295 1512 AD.

149 1553 241 1614 579..
268 1542 418 1632 οὕτωςή
443 1547 537 1628 ἑτέρα
559 1551 627 1612 τείν
649 1542 923 1632 Ἀρισταρχείων,
947 1544 1002 1612 καί
1024 1548 1093 1612 έστι
1113 1571 1173 1632 ηα-

64 1651 217 1734 ριεστέρα
245 1649 309 1713 ’έν
341 1644 375 1714 δ’
400 1644 527 1727 αὐτὸς
546 1647 721 1739 ἐδύσετο
737 1646 906 1731 νάροπα
927 1644 1082 1733 χαλκόν
1102 1672 1171 1714 uv-

62 1750 208 1819 διόων·
231 1753 359 1816 πᾶσιν
377 1746 421 1815 δὲ
443 1750 674 1833 μετέπρεπε
697 1747 916 1836 ἡρώεσσιν,
932 1744 1065 1816 οὕνεκ’
1082 1744 1171 1834 άρι-

47 1847 157 1932 ’στος
176 1855 265 1937 ἔην,
288 1849 393 1916 πολὺ
416 1849 459 1915 66
482 1855 704 1930 πλείστους
726 1848 798 1936 άγε
820 1849 970 1932 λαοάς.’
991 1847 1091 1938 ἡγὰρ
1116 1857 1169 1919 αἰ-

61 1960 114 2021 τία
126 1960 189 2020 τοῦ
207 1952 407 2044 διαπρέπειν
421 1948 478 2018 διά
492 1957 554 2018 τοῦ
575 1942 648 2039 έξής
666 1950 874 2039 ἀποδίδοται,
897 1950 1014 2021 οὕνεκ’
1036 1951 1171 2039 άριστος

62 2061 131 2141 ἔην,
156 2051 244 2122 πολὺ
260 2054 296 2122 δὲ
327 2057 505 2132 πλείστους
526 2050 586 2140 άγε
608 2057 721 2134 λαούς.
766 2050 890 2141 ὁμοίως
916 2059 953 2124 δὲ
981 2057 1037 2123 ιιαλ
1060 2057 1170 2144 Ζηνό-

63 2161 164 2235 δοτος
185 2153 322 2241 γράφει.
362 2159 404 2224 A.

150 2259 234 2346 [665.
278 2253 377 2324 τόδ
337 2282 360 2342 μ
379 2281 399 2321 ν
417 2251 601 2343 Ὁμηρικόν
628 2261 708 2337 ἔθος
729 2264 780 2345 βή
802 2257 981 2344 φεύγειν
1002 2263 1171 2345 προφέρε-

61 2386 130 2428 ται.
127 2355 223 2427 ἀλλ’
247 2355 307 2444 όγε
327 2356 536 2444 Ἀρίσταρχος
557 2355 599 2426 οὐ
622 2361 824 2447 μετέθηκεν,
852 2355 929 2428 ἄλλ’
958 2357 1066 2441 οὕτως
1086 2361 1170 2448 γρά-

60 2461 137 2550 φει,
160 2456 418 2550 βήφεάγων.)

148 2571 220 2632 767.
243 2558 352 2642 οὕτως
371 2559 429 2630 αἰ’
424 2560 639 2649 Αριστάρχου
665 2558 761 2649 ἅμα,
794 2559 836 2629 οά
872 2562 928 2632 διά
951 2571 1012 2632 τοῦ
1036 2591 1055 2650 ρ
1081 2539 1169 2652 αρα.

148 2669 219 2733 733.
242 2661 351 2744 οὕτως
368 2661 451 2732 κατά
473 2660 611 2750 δοτικήν
631 2670 760 2731 πτωσιν
782 2678 870 2745 τοῖς
891 2663 956 2734 δὲ’
950 2672 1169 2754 Αρίσταρχος,
1275 2661 1278 2672 ’

61 2755 108 2850 ὣς
128 2766 312 2852 πρόκειται.
334 2770 388 2854 A.,
411 2769 454 2834 cf.
474 2772 547 2832 516

147 2877 220 2937 744.
259 2874 476 2957 Δημοκρίνης
510 2865 679 2957 ἀγνοήσας
711 2870 1005 2939 Αἰθιόπεσσιν
1034 2871 1171 2959 ἔγραφε

60 2976 245 3053 κααωςΗΑ
268 2975 423 3058 Vulg.A
392 2976 579 3039 Αἰθίκεσσι

144 3081 215 3142 751.
239 3071 321 3161 ἔργ’
344 3075 561 3159 ἐνέμοντο·
588 3070 699 3208 Ἰακως
729 3070 765 3139 τὸ
790 3070 1171 3163 νέμοντοἈρίσταρ-

60 3203 128 3263 χος.
172 3180 214 3245 Α.

145 3285 217 3348 769.
225 3275 556 3364 οὕτωςφέρτατος,
569 3274 877 3364 οόφέρτερος,αι
870 3277 1118 3367 ’Ἀριστάρχου
1127 3283 1168 3348 A.
1213 3297 1220 3313 ·

145 3386 216 3448 798.
240 3377 347 3460 οὕτως
369 3378 425 3448 αἰ’
422 3378 634 3508 Ἀριστάρχου
657 3377 743 3504 ήδη.
767 3385 822 3448 καὶ
843 3383 881 3448 έν
904 3395 976 3462 τοϊς
988 3379 1073 3468 πρὸς
1088 3388 1169 3451 Κω-

58 3509 124 3570 μαι
126 3508 168 3551 ον
196 3479 319 3570 ὁμοίως
350 3484 570 3570 προφέρεται,
599 3483 653 3550 καὶ
680 3481 809 3569 μήποτε
836 3482 1072 3571 παραπλήσιόν
1098 3486 1168 3551 έστι

57 3585 94 3652 τό
137 3581 233 3671 666
263 3587 330 3651 καὶ
357 3590 552 3671 Φρυγίην
587 3583 821 3708 εἰσήλυθον
851 3581 1166 3670 άμπελόεσσαν’

60 3694 107 3777 (Γ
128 3691 215 3774 184).
238 3691 279 3752 A.
609 3753 611 3759 .

142 3793 215 3854 891.
241 3784 349 3866 οὕτως
373 3787 499 3874 προτὶ
529 3785 591 3879 [τό]
624 3783 813 3873 άστυ,,οά
839 3786 981 3874 περί
961 3807 1084 3875 αστυ,
1112 3793 1168 3856 ἵνα

11 3927 12 3930 ¹
56 3883 141 3957 τάσιν
168 3888 343 3975 ἐρχόμενοι
371 3887 456 3975 πρὸς
483 3886 546 3974 τήν
569 3889 681 3958 πόλιν.
745 3887 869 3976 ὁμοίως
898 3895 953 3958 καί
979 3890 1169 3978 Ζηνόδοτος
1304 3967 1307 3972 ,

56 3992 111 4057 καὶ
129 3985 374 4074 Ἀριστοφάνης
394 3988 596 4078 γράφουσιν.
623 3994 664 4057 A.

140 4096 213 4159 865.
249 4086 332 4158 άνευ
355 4097 417 4158 τοῦ
438 4119 451 4158 ι
484 4096 643 4178 Γυγαίη
666 4095 759 4166 τέκε
787 4098 912 4180 λίμνη
936 4089 956 4178 6
979 4092 1062 4160 κατά
1079 4089 1168 4177 Ἀρί·

54 4203 200 4280 σταρχον
222 4189 288 4277 εἰχε
314 4193 507 4279 διόρθωσις.
550 4197 585 4261 οἰ
611 4194 649 4262 δὲ
670 4195 747 4280 περὶ
771 4202 893 4278 Χαλριν
913 4199 969 4262 καί
987 4194 1168 4282 Διόδωρον

53 4301 111 4362 ιιαί
136 4319 225 4374 τινες
249 4299 319 4361 τῶν
348 4291 432 4362 καθ’
462 4291 551 4381 ήμάς
577 4297 799 4383 προστιθέασι
818 4297 855 4364 τὸ
878 4323 909 4383 ι,
936 4290 984 4363 ἵν’
1007 4287 1045 4386 6·
1066 4300 1165 4385 λίμνη
1296 4293 1300 4304 ’
