2752 4890
186 368 244 426 154
641 363 834 438 -Ξκ

266 533 350 615 [389.
395 525 504 607 οὕτως
535 527 591 594 διὰ
621 533 684 596 τοῦ
716 555 737 595 α
769 533 951 616 γραπτέον·
991 530 1215 601 τάνυσσαν.
1254 537 1295 604 A.

183 633 391 700 Friedlaend.
415 656 447 719 p.
472 634 533 698 236
555 634 677 697 rectius
699 634 888 700 Aristonico
911 636 1066 702 tribuisse
1088 638 1244 724 τίσεται]

267 740 339 800 397.
373 728 518 818 οόρετο·
546 735 584 800 ἔν
610 752 676 801 τισι
705 740 774 802 τῶν
802 731 1054 823 ὑπομνημάτων
1081 732 1218 826 όρορε
1243 742 1297 808 καί

182 840 274 904 ἔστιν
294 833 413 922 ὄμοιον
435 841 482 926 τῷ
510 831 619 922 ὤρορ’
643 836 777 918 ἐπαΐξας
799 839 854 926 (ΙΙ.
876 845 905 906 Β
931 842 1016 928 146).
1038 842 1081 907 A.

267 942 340 1005 398.
360 934 515 1004 τόσσον
536 962 598 1022 γε·
622 933 730 1018 οὕτως
751 936 808 1006 διὰ
828 945 890 1006 τοῦ
911 965 951 1027 ν,
974 938 1129 1007 τόσσον
1152 941 1294 1029 γεἈρί-

184 1060 324 1126 σταρχος
346 1036 538 1125 Ζηνόδοτος
553 1039 706 1118 τόσσος
727 1065 782 1124 γε.
802 1043 844 1109 A.

263 1148 336 1210 400.
371 1137 486 1228 ὄσση·
510 1144 571 1221 ἔξω
594 1144 692 1208 τοῦτ
714 1144 750 1207 αί
767 1136 995 1229 Ἀριστάρχου.
1017 1140 1126 1225 οὕτως
1148 1147 1204 1213 καί
1226 1155 1293 1234 Ζη-

185 1244 326 1322 νόδοτος
348 1245 403 1310 καί
422 1239 675 1330 Ἀριστοφάνης.
699 1239 793 1310 άλλοι
813 1241 954 1331 τόσση.
976 1248 1047 1313 AB.

266 1347 339 1410 412.
373 1344 597 1432 βεβλήκει·
634 1340 742 1425 οὕτως
770 1348 831 1425 ἔξεο
854 1352 917 1415 τοῦ
940 1372 961 1415 ν
986 1347 1208 1437 βεβλήκει,
1242 1352 1294 1420 καί

181 1444 265 1514 άνεν
286 1451 349 1514 τοῦ
371 1471 397 1514 ε.
441 1444 630 1533 Ζηνόδοτος
651 1446 707 1513 καί
725 1444 967 1535 Ἀριστοφάνης
990 1451 1056 1516 σάν
1075 1457 1121 1541 τῷ
1150 1477 1192 1540 ν,
1223 1461 1294 1541 βε-

181 1547 370 1636 βλήκειν.
393 1551 435 1615 A.

263 1657 336 1718 416.
367 1646 610 1736 Ἀριστοφάνης
637 1648 674 1718 δὲ
703 1649 780 1718 τόν
803 1649 837 1720 δ’
860 1648 997 1720 οὔτιν’
1022 1657 1112 1739 ἔχει
1135 1654 1294 1743 θράσος

183 1747 297 1832 ὅστις
317 1756 471 1837 ίδηται.
494 1753 537 1819 A.

266 1856 339 1919 418.
363 1842 463 1918 τόκα·
486 1847 697 1938 Ἀρίσταρχος
716 1852 811 1921 άκό.
834 1858 876 1922 A.

263 1951 382 2034 άλλως.
406 1949 427 2039 ἡ
450 1954 486 2020 δὲ
506 1951 770 2041 Μασσαλιωτικὴ
795 1959 850 2023 καί
872 1953 893 2043 ἡ
916 1961 981 2026 Χία
1002 1950 1096 2026 οόκα.
1120 1961 1162 2025 A.

265 2060 338 2124 427.
360 2052 550 2144 Ζηνόδοτος
571 2052 627 2123 διά
649 2062 712 2124 του
733 2081 751 2124 τ
771 2063 852 2124 τῶν
872 2055 904 2124 τ’
922 2055 1072 2128 άλλιον.
1093 2063 1293 2147 διήλλαττον

179 2199 218 2282 δὲ
235 2198 270 2261 at
285 2190 510 2280 Ἀριστάρχου,
530 2166 737 2276 άκήδεσδν
754 2194 810 2261 καί
831 2191 1081 2282 άκηδέσατο,
1104 2193 1293 2284 άκηδέστως

183 2301 291 2383 ἔσχον.
314 2299 356 2364 A.

262 2405 336 2467 437.
369 2393 425 2465 διά
447 2400 509 2463 τοῦ
532 2420 548 2462 ε
571 2399 607 2462 αί
628 2393 842 2483 Ἀριστάρχου
869 2398 924 2464 καί
948 2401 984 2466 αί
1006 2405 1159 2487 πλείους,
1193 2400 1292 2471 άτιέ-

181 2521 344 2590 μεσσεν.
367 2498 588 2585 Ζηνοδότειος
613 2501 652 2566 δέ
673 2499 763 2565 ἐστιν
786 2495 806 2584 ἡ
829 2497 885 2565 διδι
905 2506 966 2568 τοῦ
992 2527 1013 2567 α
1035 2498 1290 2587 άπέμοισσεν.

265 2607 338 2670 438.
357 2600 408 2668 toi
430 2603 474 2668 δέ
494 2603 538 2668 οί
556 2598 672 2669 ὄσσε·
695 2597 1033 2687 οὕτωςἈρίσταρχος,
1056 2599 1152 2670 άλλοι
1166 2604 1203 2672 δὲ
1219 2606 1292 2674 κὰδ

182 2708 229 2774 δέ
249 2708 290 2773 οἱ
307 2702 415 2772 ὄσσε.
438 2707 479 2772 A.

265 2810 350 2898 [445.
373 2806 563 2891 Ζηνόδοτος
585 2799 665 2889 παρ’
692 2798 797 2888 ὄχθης
817 2805 871 2894 V.]
904 2895 905 2898 Ἴ
930 2867 931 2870 ,

264 2914 337 2974 456.
357 2903 466 2989 οὕτως
487 2907 643 2994 κόμισε
666 2904 765 2989 χωρὶς
787 2909 850 2970 τοῦ
871 2929 903 2971 ν.
928 2907 969 2971 A.

263 3015 348 3095 [464.
369 3007 573 3094 Ἀρχέλοχος·
595 3005 804 3092 Ἀρίσταρχος
825 3001 1081 3092 ιἰναλογοότερον
1104 3014 1166 3074 τοῦ
1184 3005 1291 3096 Ἀρχι-

181 3112 296 3198 λόχου,
320 3106 365 3190 sig
385 3113 577 3197 Φερένικος,
598 3109 783 3188 Μενέλαος.
805 3110 860 3195 V.]

264 3235 337 3298 469.
374 3226 560 3315 ἀμύμονι
583 3226 934 3315 Πουλυδάμαντι·
955 3227 1155 3314 ,Ζηνόδοτος
1184 3225 1292 3316 άμά-

180 3356 285 3420 μονα
308 3329 660 3417 Πουλυδάμαντα.
682 3332 724 3397 A.

262 3457 334 3517 474.
369 3445 477 3538 αὐτῷ
498 3445 574 3536 γάρ
597 3448 750 3535 γενεὴν
772 3445 948 3534 ἄγχιστα
970 3450 1108 3541 ἐφ’κει·
1144 3446 1294 3534 Ἀριστο-

91 3597 93 3600 -
180 3554 291 3641 φάνης
312 3548 422 3642 αὐτῷ
444 3548 520 3638 γάρ
540 3553 590 3638 ῥα
612 3548 726 3637 φυὴν
747 3547 924 3637 άγχιστα
947 3555 1096 3620 ἔοικεν.
1119 3555 1163 3620 A.

265 3675 337 3739 485.
377 3673 585 3739 Aristonicus
607 3673 622 3758 11
649 3668 838 3755 Ζηνόδοτος
870 3668 906 3736 δὲ
943 3669 1004 3738 ἐνὶ
1038 3669 1292 3755 μεγάροισιν

179 3770 298 3860 άρης,
321 3769 366 3853 ὡς
387 3774 457 3840 ἐκεῖ
473 3773 583 3860 εἐμεῖο
600 3771 638 3840 δὲ
661 3775 765 3855 δῆσεν
788 3766 899 3855 iotis!
919 3774 961 3839 A.

264 3898 337 3959 499.
363 3888 380 3958 ὁ
404 3891 450 3959 δὲ
471 3897 527 3979 φη
547 3890 727 3960 κώδειαν
749 3887 958 3976 ἀνασχών·
981 3887 999 3958 ὁ
1022 3889 1085 3977 μὲν
1101 3889 1293 3978 Ζηνόδοτος

179 3996 234 4061 καί
252 3992 313 4063 τόν
339 3998 383 4061 δέ
403 3996 457 4061 καί
479 3991 539 4061 τόν
560 3994 613 4081 φή
637 3995 793 4081 ἐγκλίνει,
815 3997 871 4061 ἵνα
893 3990 930 4060 τὸ
950 3995 998 4081 φη
1019 3991 1147 4061 ταάτδν
1158 3990 1295 4082 άπάρχη

179 4102 225 4188 τῷ
248 4092 292 4176 ὡς
312 4095 367 4163 καί
388 4090 424 4162 τό
444 4096 785 4184 μεταλαμβανόμενον
808 4101 965 4163 τοιοῦτον
988 4088 1026 4184 ᾖ,
1054 4092 1132 4163 όδὲ
1157 4094 1203 4177 ὡς
1225 4096 1294 4164 κοτ’-

179 4205 274 4266 δειαυ
297 4193 454 4283 ἀνασχών
476 4197 628 4283 πέφραδέ
647 4223 682 4266 τε
704 4195 886 4284 Τρώεσσιν.
910 4193 927 4264 ό
948 4197 985 4264 δὲ
1003 4195 1216 4284 Ἀρίσταρχος
1237 4200 1294 4266 ἐκ·

181 4297 359 4385 δεξάμενος
382 4296 418 4366 τό
447 4302 511 4385 ἔφη
533 4302 622 4386 ῥῆμα
650 4296 773 4386 ὁμοίως
803 4305 850 4391 τῷ
879 4303 939 4386 ἔβη
961 4303 1056 4367 δοκοί
1075 4296 1212 4367 άδετεῑν
1232 4297 1293 4367 τδν
