2894 4890
214 353 276 415 260

218 522 374 585 τοιοῦτον
403 511 488 581 εἶναι
510 511 571 580 τόν
589 508 779 598 Ἀγάθωνα.
815 506 893 594 ίγῦ
917 509 962 574 δὲ
981 503 1042 593 οὐχ
1060 503 1229 592 ἡγοῦμαι,
1261 502 1337 574 ἀλλ’

219 618 333 705 ἐπειδὴ
356 617 514 705 βούλεται
535 618 710 704 κωμῳδεῖν
737 610 799 680 τόν
818 608 1013 695 Ἀγάθωνα,
1045 604 1091 686 ὡς
1112 608 1194 695 μήτε
1218 633 1341 694 καρτε-

218 718 283 807 ρόν
301 718 383 807 μήτε
402 720 547 804 μέλανα,
568 721 669 783 τοῦτο
693 711 796 782 εἶπεν.
820 707 841 798 ἢ
863 708 996 798 ἄσημόν
1011 735 1104 817 τινα.

749 907 802 968 66.

223 1045 225 1050 ’
307 1047 378 1108 169.
402 1041 440 1108 ἐν
452 1041 555 1118 ἐνίοις
575 1040 612 1106 δὲ
622 1035 781 1124 Ἀχαιός
799 1038 991 1122 γέγραπται,
1007 1036 1062 1102 καὶ
1077 1031 1118 1100 τὰ
1133 1031 1338 1116 παλαιότερα

221 1140 410 1228 ἀντίγραφα
435 1139 544 1221 οὕτως
565 1138 661 1225 εἶχεν.
692 1137 935 1225 Ἀριστοφάνης
957 1139 997 1202 δέ
1017 1136 1108 1202 ἐστιν
1131 1132 1149 1200 6
1170 1133 1341 1219 μεταγρά-

222 1241 459 1322 ψαςἈλκαῑο
470 1270 496 1321 ς.
520 1243 596 1326 περὶ
615 1239 679 1326 γὰρ
693 1245 846 1307 παλαιῶν
858 1235 978 1305 ἐστινὸ
995 1237 1105 1323 λόγος,
1123 1232 1140 1302 6
1158 1235 1195 1301 δὲ
1209 1231 1342 1320 Ἀχαιός

222 1343 396 1427 νεώτερος.
440 1343 478 1408 τό
501 1342 538 1409 δὲ
560 1341 745 1427 λεγόμενον
768 1338 835 1409 ὑπὸ
859 1349 893 1407 Δ
901 1343 941 1406 ιδ
949 1338 1060 1424 όμου
1086 1336 1171 1420 πρὸς
1189 1334 1343 1424 Ἀριστο-

223 1444 348 1530 φάνην,
371 1440 423 1507 ὅτι
445 1441 486 1509 06
508 1442 650 1511 δυ’ναται
669 1440 824 1509 Ἀλκαίου
847 1439 1073 1527 μνημονεύειν
1098 1435 1154 1529 (06
1176 1435 1240 1524 γὰρ
1263 1441 1343 1504 ἐπε-

222 1543 361 1623 πόλαζε,
388 1548 487 1624 φησί,
513 1543 553 1609 τὰ
576 1541 729 1612 Ἀλκαίου
759 1543 815 1611 διὰ
847 1540 909 1628 τὴν
938 1540 1129 1629 διάλεκτον)
1160 1537 1342 1625 λελήρηται

226 1641 395 1727 ἄντικρύς.
431 1641 486 1706 καὶ
509 1643 545 1704 ἐν
565 1649 611 1732 τῳ
634 1643 698 1727 πρό
722 1645 847 1712 τοῦτον
870 1642 1014 1728 δράματι
1037 1654 1106 1720 τοῖς
1121 1638 1253 1726 Ὄρνισι
1276 1665 1343 1709 πα-

226 1741 372 1832 ρῳδηται
399 1737 436 1806 τό
480 1736 635 1822 εὄρνιθες
662 1753 751 1826 τίνες
779 1743 843 1813 οἵδ’
868 1742 1006 1813 ῦκεανῶ
1032 1750 1095 1829 μῦς.
1117 1740 1186 1809 ἀπῦ
1215 1742 1335 1831 πεῤῥά-

104 1889 106 1894 -
226 1853 315 1910 των’
339 1837 447 1921 οὕτως
470 1840 627 1925 εὄρνιθες
642 1851 729 1924 τίνες
744 1845 806 1914 οἵδ’
820 1845 922 1914 οῦδὲν
943 1849 1100 1930 ἒχουτες’
1110 1847 1165 1912 καὶ
1187 1847 1224 1911 ἐν
1240 1853 1344 1931 Σφη-

227 1949 337 2024 ξίν·
348 1939 440 2029 ῦνηρ
465 1933 565 2020 οὗτος
593 1940 611 2006 6
635 1944 814 2029 μαιόμενος
840 1947 877 2014 τό
901 1950 984 2032 μέγα
1006 1945 1156 2029 κρίνας’.
1175 1943 1343 2074 ἀλλαχοῦ

224 2043 299 2114 66‘
285 2072 302 2113 ο
322 2041 513 2130 Δίδυμος
535 2061 657 2130 φησιν·
683 2036 781 2126 ἡμὶν
793 2071 905 2135 γραφη
923 2046 1114 2116 δύναται
1080 2075 1141 2133 μεν
1159 2045 1255 2133 εἶναι,
1278 2045 1343 2115 οὐκ

228 2137 271 2210 ῦν
290 2143 327 2210 δὲ
343 2144 468 2209 τοῦτου
486 2167 547 2208 του
536 2147 744 2227 μελοποιοῦ
761 2143 934 2228 μέμνηται,
954 2150 1055 2216 πόλιν
1071 2147 1108 2216 τό
1125 2146 1207 2216 αὐτο
1198 2149 1342 2235 λέγων,

228 2241 280 2311 ὅτι
304 2242 366 2311 οῦκ
384 2241 565 2321 ἐπεπόλαζε
588 2241 627 2308 τὰ
650 2243 743 2327 μέλη
764 2237 883 2329 [ἀλλ”]
882 2252 1029 2311 Αλκαίου
1049 2257 1110 2317 τοῦ
1132 2255 1342 2340 κιθαρῳδοῦ,
1431 2330 1439 2346 θ

228 2371 271 2413 ου
259 2337 350 2410 καί
372 2340 561 2423 Εῦπολιςῑ
544 2370 581 2409 ευ
603 2350 717 2434 χρυσῷ
740 2344 830 2427 γένει
852 2345 1064 2429 μέμνηται·
1076 2343 1101 2410 6
1120 2348 1344 2420 ’λκαῑεΣικε-

230 2451 332 2512 λιῦτα
348 2446 626 2530 Heiorrovvrirnr!
649 2449 721 2510 τίδ
702 2445 1123 2532 δὲέυταυθακιθαρῳδοῦ,
1147 2452 1220 2532 περὶ
1242 2478 1343 2538 ποιη-

228 2553 290 2613 τοῦ
319 2543 416 2624 ὄντος
444 2553 506 2613 τοῦ
535 2547 656 2632 λόγους
696 2548 747 2612 Of.
780 2547 909 2611 Nauck.
933 2548 990 2610 Ar.
1014 2548 1150 2635 Byz.·p.
1173 2549 1212 2611 64
1235 2576 1267 2615 n.
1291 2560 1342 2620 92.

228 2648 351 2712 Multus
374 2647 415 2712 de
436 2649 468 2712 h.
491 2649 512 2712 l.
535 2658 585 2713 est
606 2650 705 2712 etiam
729 2646 947 2711 Schneiderus
970 2671 1001 2733 p.
1024 2650 1062 2710 16
1085 2669 1155 2733 sqq.

743 2834 824 2920 ου

316 2968 424 3032 Schol.
449 2968 535 3032 Avv.
569 2971 607 3030 17
640 2966 675 3031 οί
698 2964 761 3051 μὲν
783 2969 985 3045 πλείους-
1007 2969 1255 3055 κωμῳδεῖσθαι.
1283 2963 1347 3033 οὐκ

230 3069 349 3150 ἔχομεν
375 3066 412 3132 δὲ
444 3065 522 3131 υίόυ
555 3063 661 3132 αὐτοῦ
688 3065 743 3133 διὰ
770 3072 828 3154 τῆς
854 3071 1029 3158 κωμῳδίας
1060 3072 1174 3134 είπεῖν.
1217 3066 1347 3153 μήποτε

232 3157 314 3250 οῦν,
337 3171 485 3251 φησί...
501 3215 521 3250 .,
544 3165 627 3231 κατὰ
652 3173 857 3253 περίφρασιν
879 3175 1014 3254 εἴρηκεν
1037 3171 1265 3255 Θαρρελείδου
1287 3195 1348 3235 κο-

230 3265 337 3352 λοιόν,
357 3268 393 3332 ἐν
417 3274 478 3356 ίσῳ
500 3271 545 3355 τῷ
568 3269 800 3355 Θαῤῥελείδης,
823 3267 860 3348 ὅς
883 3272 951 3336 ἐστι
973 3269 1169 3388 κολοιώδης.
1209 3272 1347 3356 Dubito,

231 3375 340 3431 utrum
361 3368 478 3433 lacuna
497 3371 681 3434 Aristarchi
702 3393 744 3434 an
762 3372 899 3460 Didymi
928 3375 1059 3437 nomine
1088 3374 1271 3459 supplenda
1294 3377 1347 3438 sit.

233 3465 285 3532 Of.
306 3469 408 3534 schol.
430 3469 526 3535 Pind.
550 3470 601 3535 Ol.
621 3470 673 3534 XI
688 3475 739 3537 83.
765 3472 982 3539 Schneiderus
1005 3476 1096 3539 videt
1084 3484 1137 3538 tur
1160 3473 1348 3616 Symmachi

231 3555 350 3633 nomen
373 3571 577 3637 subaudisse.

746 3674 827 3813 (is)

261 3899 263 3904 .
316 3842 449 3929 Apulei.
472 3844 558 3907 min.
573 3844 614 3907 de
637 3845 780 3929 orthogr.
805 3849 834 3925 ξ.
862 3846 899 3906 12
922 3869 953 3931 p.
968 3846 1008 3907 42
1033 3845 1083 3909 ed.
1107 3845 1232 3908 Osann.
1254 3851 1349 3910 Linus

232 3941 263 4030 (?
275 3942 454 4029 Didymus)
487 3951 518 4008 ιἰι
546 3949 755 4024 Aristophanis
782 3951 899 4009 Plutum
929 3951 1105 4026 Staphylum
1132 3951 1251 4011 Bacchi
1277 3953 1351 4011 dicit

231 4049 374 4120 amicum,
399 4049 547 4123 θιμνίινε
569 4050 696 4109 Semeles
716 4055 906 4111 ουυυιυίυυι.

318 4143 369 4208 Of.
384 4144 484 4209 schol.
497 4145 584 4209 Plut.
603 4141 948 4228 1022-Στάῳυλοςὸ
963 4145 1131 4230 ἐρόμενος
1144 4152 1347 4213 Διονυσίου.

229 4241 342 4306 Possis
369 4248 478 4308 etiam*
495 4246 536 4309 de
557 4244 676 4310 Latino
707 4269 727 4310 a
755 4246 937 4334 Porphyris
967 4271 1019 4335 ap.
1043 4248 1165 4314 Euseb.
1189 4249 1248 4314 PE
1270 4251 1305 4313 Χ
1329 4253 1347 4314 3
