2894 4890
214 363 276 427 242

214 522 341 612 γεινόν,
371 518 450 590 οὔτε
470 517 608 606 ἄτηρόν,
631 516 710 588 οὔτε
731 517 889 607 αἰσχρόν,
911 514 931 587 δ
954 513 1017 586 ούκ
1040 520 1160 605 ἔχομεν
1179 514 1284 605 ἡμεῖς.
1307 524 1328 602 ξ

214 623 294 712 ἄτης
320 622 400 708 ἄτερ
430 625 470 690 δέ
493 623 561 689 ἐστι
587 618 624 687 τδ
652 619 795 707 ἀγαθόν.
848 618 1009 708 περισσὸν
1035 623 1075 688 δέ
1100 621 1170 688 ἐστι
1205 621 1261 688 καὶ
1290 619 1328 688 τὸ

215 729 330 816 ἕτερον
353 722 407 812 ού,
428 721 513 791 ὥστε
536 720 651 814 ὥσπερ
671 721 845 810 ἄιιόφασιν
868 719 963 791 εἶναι.
998 720 1147 807 σύνηθες
1167 723 1203 789 δὲ
1226 729 1328 790 τοῦτο

214 841 392 916 τραγικοῖς.
443 829 567 894 Vereor
595 851 636 892 ne
674 830 893 894 inveteratum
917 828 948 891 h.
985 828 1007 893 l.
1046 828 1163 892 vitium
1205 827 1329 892 diutius

214 957 249 999 se
278 932 381 998 oeulis
414 932 601 995 criticorum
637 930 847 996 subtraxerit.
897 929 1128 1016 Intellegerem
1156 929 1329 1016 Sophoclis

213 1034 330 1116 verba,
358 1032 445 1097 hune
473 1033 507 1095 in
527 1032 658 1096 modum
681 1033 709 1094 si
736 1034 858 1117 scripta
881 1040 1007 1095 essent:
1031 1023 1133 1095 οὐδὲν
1160 1026 1223 1114 γὰρ
1249 1024 1325 1096 οὔτ’

213 1129 381 1218 ἀλγεινόν,
395 1136 489 1198 ΟΤΙ(
500 1136 630 1196 ΑΤΗΣ
650 1127 740 1215 ἄτερ,
763 1125 831 1196 οὔτ’
848 1127 996 1216 αἰσχρόν,
1019 1126 1088 1196 οὔτ’
1112 1126 1232 1216 ἄτιμόν
1253 1124 1324 1196 ἐσθ’
1384 1170 1388 1178 -

213 1234 279 1302 κτὲ.
325 1234 378 1300 cf.
401 1233 592 1320 Sophos).
617 1237 697 1297 1707
726 1233 842 1297 Johns.
866 1226 1069 1298 ούκοίκτον
1092 1233 1182 1317 με’τα.
1228 1233 1326 1298 Ρίυδ.

213 1336 309 1423 Pyth.
337 1336 433 1400 V'76
459 1329 500 1398 ού
527 1338 621 1399 θεῶν
643 1328 732 1415 ἄτερ.
753 1334 799 1397 ἸΙ
822 1337 840 1400 8
863 1323 904 1411 ἄς
926 1328 990 1400 ούκ
1012 1328 1102 1419 ἄτερ.
1129 1335 1165 1399 II
1192 1337 1232 1400 32
1260 1331 1327 1400 ούκ

150 1511 154 1521 Ι
214 1433 292 1520 ἄτερ
316 1436 441 1519 τέχνας.
466 1435 580 1502 Isthm.
602 1435 652 1500 VI
683 1435 737 1523 [V]
763 1436 802 1498 22
826 1430 888 1500 ούκ
907 1430 986 1520 ἄτερ
1007 1438 1183 1502 Αἰακιδᾶν.
1228 1435 1329 1502 Valet

212 1537 312 1620 igitur
337 1531 495 1618 ἀλγεινὸν
523 1531 586 1600 οὐκ
599 1529 699 1618 ’Ἁτης
721 1531 800 1620 ἄτερ
823 1538 845 1600 i.
870 1560 902 1624 q.
924 1531 1084 1620 ἄλγεινόν
1102 1532 1201 1620 ’Ἁτης
1225 1531 1326 1621 ὕπερ.

299 1637 347 1722 (5)
369 1636 415 1700 ib.
434 1641 475 1700 45
501 1637 689 1719 Δίδυμος
718 1637 758 1702 δέ
777 1654 882 1721 φησιν
909 1632 977 1703 ύιιδ
1001 1643 1070 1704 τῶν
1091 1634 1327 1723 ύιτομνηματι·

213 1741 302 1822 στοῖν
316 1735 377 1802 τὸν
398 1735 471 1820 ἑξῆς
492 1740 610 1819 στίχον
626 1742 866 1805 νενοθεῦσθαι.

299 1839 347 1926 (6)
377 1838 422 1902 ib.
458 1840 519 1901 722
549 1841 586 1902 εί
613 1833 646 1904 δ’
682 1831 788 1904 ούν··
809 1844 840 1906 εί
868 1839 908 1906 δέ
936 1864 986 1916 τις
1017 1835 1160 1924 ἀνόητος
1185 1834 1325 1930 εὑρεθῇ.

212 1941 401 2022 Δίδυμος
420 1939 460 2003 δέ
474 1956 558 2023 φησι
581 1988 588 2004 .
614 1988 647 2005 ..
670 1942 810 2027 Didymi
830 1942 934 2007 verba
955 1943 1134 2029 perierunt.

298 2041 346 2129 (7)
369 2042 423 2108 Ai.
450 2044 489 2106 83
518 2044 710 2127 Δίδυμος
745 2035 941 2128 σημέιούται
971 2040 1033 2128 τὴν
1066 2041 1193 2127 φρᾶσιν
1230 2039 1332 2110 “ἄλλ’·

212 2137 292 2208 οὐδὲ
313 2139 358 2228 μὴ
381 2145 436 2230 ίδη
458 2144 585 2220 πέλας.’
631 2146 770 2208 aceessit
792 2168 809 2208 e
830 2145 919 2210 Flor.
943 2145 984 2211 G.
1192 2199 1195 2208 ,

297 2244 344 2330 (8)
375 2242 420 2307 ib.
446 2244 508 2307 408
532 2245 744 2320 δίπαλτος·
774 2238 978 2326 ἀμφοτέραις
999 2255 1070 2322 ταῖς
1090 2248 1221 2330 χερσίν,
1250 2236 1325 2310 οἷον

212 2344 403 2428 περιδεξίεις
431 2368 472 2428 με
500 2343 650 2426 φονεύει.
702 2344 802 2408 ιιαυτλ
832 2345 964 2429 σθένει,
994 2341 1039 2424 ὡς
1060 2349 1266 2431 Δίδυμος,
1303 2341 1325 2431 ἢ

212 2443 352 2525 στρατός
378 2469 420 2529 με
437 2441 590 2530 ,φονεύοι
619 2442 733 2531 λαβών
754 2442 794 2511 τὰ
814 2448 956 2512 δίπαλτα
977 2445 1131 2533 δοράτια,
1153 2443 1198 2524 ὡς
1220 2452 1324 2526 Πίος

211 2548 323 2628 φησίν.

296 2648 417 2736 (9)ιί2).
443 2652 523 2714 1225
553 2652 762 2733 Δίδυμος·
796 2647 870 2714 εκαὶ
892 2645 993 2734 δῆλός
1011 2639 1118 2736 ἐστιν,
1145 2645 1189 2728 ἄς
1208 2674 1241 2716 τι
1260 2667 1323 2735 ση-

210 2753 328 2833 μανῶν
356 2751 466 2816 νίον.’

298 2852 369 2939 (10)
397 2853 519 2922 Athen.
541 2855 577 2918 II
598 2877 630 2940 p.
651 2859 690 2918 70
712 2853 738 2918 Ο
767 2854 960 2937 Δίδυμος
983 2847 1015 2918 δ’
1046 2847 1323 2939 ὁμραμματι-

211 2947 282 3029 κὸς
303 2951 525 3037 ἐξηγούμενος
548 2951 638 3040 παρὰ
663 2959 708 3041 τῷ
728 2959 903 3036 Σοφοκλεῖ
924 2952 961 3018 τὸ
980 2953 1166 3039 κύναρος
1188 2951 1322 3020 ἄκαν-

209 3060 265 3118 θα
292 3052 453 3137 εμήποτε,
488 3061 587 3140 φησί,
618 3051 680 3140 τὴν
703 3054 916 3141 κυνόσβατον
936 3057 1040 3141 λέγει,
1075 3054 1131 3136 διᾶ
1154 3055 1192 3124 τὸ
1215 3054 1322 3125 ἄκαν-

211 3156 322 3231 θοῖδες
345 3155 401 3218 καὶ
422 3153 527 3240 τραχύ
556 3153 640 3223 εἶναι
671 3156 707 3223 τὸ
738 3157 860 3242 φυτόν.
905 3158 958 3223 καὶ
986 3155 1050 3242 μὰρ
1078 3155 1099 3243 ἡ
1123 3164 1240 3227 Πυθία
1261 3163 1322 3238 ξυ-

210 3256 308 3337 λίνην
336 3251 424 3320 κύνα
454 3252 535 3322 αύτδ
566 3255 637 3324 εἶπε
664 3261 718 3325 καὶ
745 3256 914 3345 ὁΛοκρός
937 3258 1087 3345 χρησμὸν
1110 3258 1224 3347 λαβιδν
1254 3262 1323 3329 ἐκεῖ

210 3351 310 3420 πόλιν
339 3357 492 3442 οίκίζειν,
515 3354 603 3424 ἄτιον
627 3353 670 3425 ἄν
692 3356 759 3427 ὑπὸ
781 3365 915 3446 ξυλίνης
937 3360 1041 3441 κυνδς
1064 3366 1190 3451 δηχθῇ,
1219 3389 1323 3430 κατα-

208 3456 349 3538 μυχθεὶς
375 3453 437 3541 τὴν
469 3457 601 3545 κνήμην
632 3457 698 3529 ὑιιό
734 3463 948 3549 κυνοσβάτου
981 3467 1088 3530 ἔκτισε
1120 3461 1182 3548 τὴν
1210 3464 1321 3532 πόλιν.

209 3553 277 3620 ἐστὶ
309 3557 346 3623 δὲ
376 3553 395 3622 ὁ
428 3561 638 3649 κυνόσβατος
672 3561 795 3648 μεταξύ
827 3564 966 3650 θάμνου
1000 3566 1054 3632 καὶ
1081 3567 1245 3650 δένδρου,
1275 3563 1321 3644 τίς

208 3673 291 3738 φησι
314 3659 531 3745 Θεόφραστος
561 3664 616 3730 καὶ
637 3662 698 3732 τὰν
724 3663 856 3746 καρπὸν
879 3671 944 3750 ἔχει
971 3664 1123 3752 ἐρυθρὸν
1143 3665 1322 3750 παραπλη-

208 3775 285 3821 σιον
303 3764 343 3846 τῇ
355 3761 451 3849 βοιᾷ·
475 3767 541 3848 ἔχει
556 3763 594 3830 δὲ
611 3765 666 3832 καὶ
687 3763 724 3832 τό
746 3763 879 3851 φύλλον
899 3764 1058 3852 ἄηνιῖδες.
1092 3769 1143 3834 Of.
1156 3793 1188 3856 p.
1202 3772 1254 3835 88.

743 3937 777 4016 9.

484 4039 773 4133 Ὑπομνήματα
794 4045 1043 4132 Εύριιιίδου.

291 4157 338 4242 (1)
373 4160 453 4227 Eur.
476 4164 635 4229 Androm.
659 4170 720 4232 329
744 4169 845 4232 schol.
868 4170 907 4233 R.
932 4193 983 4257 ap.
1008 4171 1122 4236 Cobet.
1145 4194 1178 4256 p.
1201 4174 1242 4235 37
1263 4171 1318 4236 W.

207 4249 399 4336 ούιι-ἄξιῶ
418 4254 596 4352 ούτόύν
616 4284 660 4330 σε
676 4273 825 4352 Τροίας
848 4266 945 4335 οὔτε
967 4275 1044 4335 σού
1061 4275 1215 4353 Τροίαν
1239 4273 1315 4336 ἔτι·
