2894 4890
218 378 278 441 186
675 397 866 437 -α-

215 543 314 631 Soph.
344 542 449 607 Elaot.
481 544 551 607 135.
573 581 614 594 -
633 542 727 608 Haec
758 543 944 610 observatio
977 543 1117 610 fortasse
1142 547 1187 612 ad
1207 546 1331 635 Odyss.

216 648 319 710 σ333
349 652 484 731 τραυλοί.
1337 673 1339 678 ·

755 855 786 894 α.

301 953 352 1015 38.
383 942 572 1032 Ἑρμείαν
600 947 847 1031 πέμψαντες·
878 947 1082 1034 ἐκπέμψατε·
1113 950 1239 1026 δυλκολς
1265 945 1331 1033 γάρ

219 1098 254 1116 ..
278 1099 286 1116 .
318 1045 427 1127 οὕτως
456 1046 492 1114 δὲ
522 1047 578 1113 καί
593 1042 837 1132 Ἀριστοφάνης
855 1051 910 1116 nal
930 1049 1130 1136 Ζηνόδοτος.
1158 1051 1199 1131 Q.
1221 1051 1330 1118 Corri-

216 1153 325 1238 genda
345 1151 425 1216 haec
447 1174 490 1217 ex
511 1151 605 1215 Harl.
626 1149 850 1232 Πέμψαντε
870 1155 994 1230 δυτιιιδς
1009 1146 1253 1236 Ἀριστοφάνης
1272 1150 1330 1216 ιιαί

133 1247 134 1250 '
216 1250 422 1338 Ζηνόδοτος,
452 1255 508 1340 qui
534 1262 705 1341 praeterea
727 1251 810 1318 haec
836 1253 986 1324 adnotat:
1018 1247 1329 1337 ἡΜασσαλιωτιιιη

213 1351 337 1441 γράφει
379 1356 594 1440 πέμψαντε
627 1356 768 1430 Μαίας
800 1354 1023 1440 ἐρικυδέος
1060 1356 1136 1444 (sie)
1168 1350 1329 1438 τἰγλαόν

214 1456 323 1524 υἱόν.
1200 1493 1202 1498 v

218 1613 220 1618 ,
302 1559 366 1646 [52.
384 1554 664 1644 ὀλοόφρονος·
687 1553 890 1644 ἢγέγρατττο
902 1552 987 1624 ιιατδι
1007 1551 1221 1642 τὴνάρχαίαν
1241 1583 1329 1643 γρα-

215 1656 286 1744 φὴν
316 1655 503 1745 όλοόφρον,
545 1655 566 1726 ὅ
589 1659 681 1725 ἐστιν
709 1655 905 1744 ὀλοόφρων·
942 1653 1011 1724 εἶτά
1034 1683 1085 1736 τις
1118 1657 1164 1745 μὴ
1201 1656 1328 1746 νοήσας

215 1759 406 1844 προσέθηκε
427 1757 465 1826 τὸ
489 1785 535 1839 ος.
557 1763 647 1848 vulg.
668 1762 739 1827 Pal.
763 1763 816 1852 Q.]
840 1762 885 1828 cf.
908 1765 981 1826 275.

218 1915 222 1922 .
284 1866 351 1928 85.
372 1856 582 1947 Ὠγυγίην·
603 1861 640 1927 έν
662 1866 702 1949 τῇ
723 1858 798 1928 κατ’
820 1857 1015 1946 Ἀντίμαχον
1030 1856 1225 1946 Ὠγνλίην
1244 1859 1327 1945 γρά-

216 1988 325 2049 φεται.
366 1964 567 2047 διαφέρουσι
589 1961 625 2028 δέ
644 1965 679 2028 ol
700 1961 807 2029 τόποι.
839 1960 902 2047 τὴν
924 1962 986 2046 μέν
1008 1960 1071 2048 γάρ
1091 1958 1254 2046 Ὠγυγίαν
1277 1963 1326 2028 έν-

213 2061 270 2143 τός
299 2061 384 2130 είναι
414 2060 498 2148 πρδς
519 2053 698 2149 Ἑσπέραν,
733 2060 795 2148 τὴν
822 2063 859 2129 δέ
883 2060 1044 2150 Ὡγυλίαν
1072 2062 1156 2131 κατὰ
1185 2062 1325 2150 Κρήτην

209 2162 364 2244 Ἡσίοδός
386 2184 468 2251 φησι
491 2177 636 2234 κεδσθαι.
660 2165 720 2232 τόν
735 2161 904 2250 Ώγόλιον.
928 2162 983 2250 η’δ’
1002 2163 1138 2252 Ώγόλη.
1161 2170 1269 2248 νῆσον
1288 2166 1324 2230 δέ

213 2265 338 2351 ταύτην
361 2270 396 2333 oi
415 2265 539 2346 καλοὺς
560 2273 733 2334 καλοῦσιν.
777 2268 847 2332 Pal.
871 2269 911 2348 Q.
935 2271 1029 2335 Harl.

298 2374 349 2434 95.
374 2374 533 2456 έχησιν·
562 2373 600 2436 ἐν
627 2375 667 2456 τῇ
696 2367 779 2434 ιιατδι
806 2364 937 2436 Ῥιανδν
966 2373 1053 2458 (οοδ.
1090 2367 1211 2454 άρινον
1240 2393 1324 2435 corr.

211 2471 341 2557 Porro.)
365 2469 529 2557 γράφεται
557 2469 691 2558 λάβῃσι.
713 2471 807 2536 Harl.

296 2576 348 2637 99.
374 2578 433 2638 175
455 2576 643 2639 Aristonico
664 2572 809 2638 tribuere
830 2573 935 2657 malo,
974 2577 1044 2638 109.
1070 2577 1140 2639 174.
1162 2576 1224 2637 300
1255 2573 1321 2637 He-

208 2675 355 2740 rodiano.

297 2781 367 2842 171.
394 2770 576 2860 ὁπποίης
595 2770 645 2842 δ’·
666 2770 879 2858 Ἀρίσταρχος
901 2770 1079 2858 ὁπποίης
1101 2799 1151 2841 τε.
1183 2770 1323 2853 Ἀλλως.

211 2875 416 2962 οἰκειότερον
449 2873 514 2942 άπδ
545 2873 700 2961 Εὐμαίου
726 2869 769 2940 δν
791 2875 940 2960 λέγοιντο
967 2877 1055 2964 (sic).
1096 2872 1148 2942 διδ
1173 2878 1211 2941 ἔν
1234 2894 1323 2943 τισιυ

210 2975 274 3044 οάιι
292 2978 464 3063 ἐφέροντο.
488 2981 582 3045 Harl.

198 3075 200 3080 ’
298 3083 368 3144 185.
397 3085 467 3146 186.
498 3082 752 3166 προηθετούντο
782 3075 819 3143 δὲ
839 3072 907 3143 ὑπὸ
926 3071 1200 3162 Ἀριστοφάνους.
1243 3074 1319 3145 κατ’

210 3182 311 3247 ἐνίων
333 3177 370 3243 δέ
391 3185 460 3246 τοῖν
482 3178 701 3266 ἀντιγράφων
723 3174 800 3244 οὐδ’
826 3178 999 3263 ἐφέροντο.
1025 3180 1064 3260 Q.

296 3283 368 3344 204.
392 3277 439 3346 οὐ
467 3278 499 3347 δ’
525 3289 643 3367 είπερ
665 3305 723 3346 τε·
751 3276 825 3348 ἀλλ’
847 3281 939 3363 είπίρ
961 3303 996 3346 τε
1014 3279 1154 3364 σιδήρεα
1171 3281 1320 3365 δέσματα

208 3384 301 3467 έχησι
333 3380 517 3466 φράσσεται
551 3379 596 3461 τός
629 3407 689 3448 κεν
724 3381 847 3466 νέηται.
890 3374 954 3446 κάν
976 3383 1033 3466 ἔχη
1063 3383 1199 3470 (Buttm.
1234 3407 1317 3450 corr.

209 3483 290 3568 ἔχοι)
316 3483 462 3566 ἔμφασιν
480 3479 502 3569 ἡ
524 3480 649 3568 γραφη.
672 3507 775 3569 marg.
795 3485 867 3549 οοδ.
886 3482 980 3548 Harl.
1001 3484 1093 3549 Pors.

294 3587 367 3650 208.
391 3588 516 3663 αἰνῶς
542 3583 634 3668 γάρ·
667 3580 909 3668 Ἀριστοφάνης
940 3582 995 3648 καὶ
1019 3579 1230 3667 Ἀρίσταρχος
1266 3588 1319 3649 αλ-

208 3690 275 3763 νοός
302 3684 364 3768 μέν
397 3689 474 3778 ἔχει.
530 3684 585 3751 καί
618 3687 683 3770 ἔχει
722 3710 753 3751 τι
779 3681 867 3762 είδος
896 3685 1033 3771 (Buttm.
1063 3686 1147 3750 coni.
1177 3683 1318 3762 εἰκόςῖ

208 3789 366 3875 πειθοῦς)
390 3781 410 3870 ἡ
434 3784 557 3870 γραφή.

293 3888 365 3951 232.
388 3886 568 3951 Aristonici
588 3885 750 3951 videntur.
774 3884 827 3949 cf.
851 3886 923 3949 251.

289 3991 362 4051 244.
385 3989 465 4050 νῦν
485 3981 516 4050 δ’
539 3984 688 4066 ἑτέρως
711 3982 934 4069 βούλοντο·
958 3982 1033 4068 ἤτοι
1051 3981 1314 4071 ἐβουλεύσαντο.
1350 4022 1357 4035 ·

205 4087 293 4165 τινὲς
315 4084 352 4150 δέ
379 4085 550 4170 γράφουσι
586 4084 791 4168 ἐβάλοντο
816 4090 915 4150 θεοί
938 4081 1014 4150 ἀντὶ
1035 4092 1098 4150 τοῦ
1117 4085 1313 4170 μετέβαλον.

205 4191 272 4270 ἔχει
290 4186 402 4268 μέντοι
423 4181 527 4266 λόγον
542 4185 601 4248 τιοδ
623 4180 660 4250 τό
680 4181 862 4268 έβοόλοντο
881 4182 955 4269 ἤτοι
987 4185 1245 4271 ἐβουλεύσαντο,
1270 4185 1316 4264 ὡς

204 4282 242 4350 τὸ
265 4282 400 4366 εΤρωσὶ
421 4278 453 4348 δ’
478 4280 635 4367 ἐβούλετο
656 4289 773 4367 γίνομ’
798 4286 849 4372 (H
868 4286 935 4371 21).
956 4287 996 4350 Ε.
1018 4286 1060 4366 Q.
