2866 4882
169 327 231 391 286

168 495 245 558 licet
271 493 476 578 intellegeret
500 493 668 580 Apollonii
691 495 921 560 adnotamenta
947 493 990 558 ad
1010 493 1200 560 Aristarchi
1222 507 1288 562 stu-

170 595 225 659 dia
250 595 494 680 Aristophanae
520 618 554 660 se
579 597 793 683 applicuisse,
823 596 857 658 in
877 597 1069 659 universum
1090 605 1204 661 tamen
1227 598 1287 662 hoc

169 695 233 759 sibi
254 695 419 759 affirmare
438 717 536 782 posse
556 699 647 762 visus
663 708 721 780 cst,
738 699 968 783 cuiuscumque
983 697 1048 760 ista
1064 708 1176 763 essent
1187 699 1286 786 Apol-

169 797 259 880 lonii,
283 819 304 860 a
321 795 516 883 Symmacho
541 799 579 884 (1)
604 821 643 862 ea
658 820 731 863 csse
744 807 893 864 tractata.
917 798 1171 884 ‘Aristophanis
1188 803 1286 864 etiam

168 899 323 985 Byzantii
348 897 594 963 observationes
619 898 662 962 ad
689 901 915 984 cognominem
941 912 1072 988 poetam
1097 908 1285 985 spectantes

168 1001 365 1065 scholiorum
387 1009 571 1064 nostrorum
592 999 779 1064 auctoribus
801 1022 860 1086 per
881 1001 1058 1087 discipulos
1076 1003 1223 1065 maxime
1238 1004 1284 1065 in·

168 1103 332 1167 notuisse'
352 1110 440 1166 recte
458 1100 501 1164 A.
518 1101 687 1166 Nauckius
702 1103 762 1166 Ar.
772 1102 855 1187 Bya.
872 1124 905 1188 p.
917 1105 957 1165 65
974 1123 1016 1167 ex
1031 1101 1134 1166 schol.
1148 1103 1282 1168 Thesm.
1360 1151 1362 1156 .

168 1209 230 1269 917
249 1203 424 1284 concludit,
445 1210 573 1288 poterat
596 1203 812 1268 confidentius
833 1203 944 1268 dicere
966 1225 1026 1290 per
1044 1203 1283 1288 Callistratum,

169 1327 233 1392 quo
252 1327 295 1368 ex
313 1305 543 1392 Aristophanis
563 1303 732 1390 discipulis
747 1326 852 1391 neque
868 1305 1023 1369 maiorem
1038 1304 1126 1368 ullus
1141 1306 1282 1390 gloriam

168 1415 283 1470 nactus
306 1415 356 1469 est
379 1428 484 1492 neque
507 1407 639 1492 saepius
662 1407 697 1468 in
718 1406 851 1469 scholiis
874 1405 1063 1473 advocatur.
1109 1406 1282 1493 intellegis

166 1510 254 1591 inde,
277 1508 355 1594 quid
377 1509 419 1570 sit
440 1509 528 1593 quod
549 1508 583 1570 in
602 1506 734 1571 scholiis
756 1510 876 1572 nostris
899 1508 975 1571 huic
998 1508 1188 1574 Callistrato
1209 1511 1283 1574 Ari-

167 1610 344 1696 stophaneo
367 1607 562 1694 Apollonius
590 1609 635 1688 is,
671 1607 711 1671 de
744 1630 808 1694 quo
834 1607 930 1673 modo
953 1609 1114 1695 diximus,
1148 1612 1282 1677 obviam

79 1759 82 1766 .
167 1710 261 1796 quasi
281 1709 429 1791 obsistat,
451 1717 487 1771 ut
509 1709 631 1772 factum
650 1719 700 1773 est
719 1711 754 1772 in
775 1709 888 1774 scholl.
909 1710 951 1773 ad
973 1711 1079 1776 Rann.
1107 1715 1181 1778 804.
1208 1717 1280 1779 849.

168 1813 261 1874 1125.
304 1810 454 1894 Alterum
475 1812 562 1874 enim
580 1809 779 1893 Aristarchi,
802 1811 940 1875 alterum
962 1814 1055 1876 iuxta
1077 1835 1151 1878 cum
1172 1814 1282 1878 Tima-

165 1913 263 1977 chida
285 1913 412 1979 Rhodio
434 1913 663 1998 Aristophanis
688 1915 866 1977 sententias
892 1936 931 1978 ac
952 1923 1128 2001 praecepta
1149 1936 1281 2002 reprae-

168 2025 297 2079 sentare
318 2017 433 2078 merito
456 2014 591 2078 dixeris.
694 2009 697 2014 ’

251 2117 322 2180 Iam
340 2138 419 2182 vero
431 2125 604 2202 postquam
615 2116 768 2199 vidimus,
788 2116 920 2202 quidde
936 2119 1179 2182 commentariis
1197 2119 1281 2200 istis,

167 2244 247 2308 quos
276 2221 439 2307 plurativo
458 2217 595 2281 numero
616 2218 668 2280 usi
689 2217 813 2281 scholia
840 2215 881 2281 τὰ
902 2212 1127 2302 ὑπομνήματα
1148 2228 1279 2301 vocant,

166 2323 374 2387 statuendum
386 2329 481 2403 esset,
489 2322 637 2405 protinus
649 2318 691 2382 ad
702 2317 893 2382 solvendam
904 2323 1128 2406 quaestionem
1140 2321 1280 2385 alteram

166 2447 239 2489 cum
261 2427 371 2510 priore
391 2424 449 2488 illa
470 2432 559 2487 arcte
582 2424 787 2486 coniunctam
808 2442 867 2485 nos
892 2423 1118 2506 accingemus,
1147 2432 1223 2487 uter
1242 2418 1298 2485 τὸΙ

166 2519 348 2610 ὑπόμνημα
359 2525 594 2612 conscripsisse
605 2524 766 2606 videatur,
787 2522 1054 2608 Symmachusne,
1077 2523 1278 2587 cuiSchnei-

165 2630 262 2694 derus
283 2653 314 2716 p.
333 2633 374 2694 57
392 2628 549 2708 vindicat,
569 2648 613 2690 an
627 2625 792 2711 Didymus
816 2626 868 2689 cui
891 2623 977 2686 idem
994 2623 1161 2688 abiudicat
1176 2647 1208 2712 p.
1229 2627 1278 2689 18.

164 2731 407 2795 Proficiscimur
438 2731 540 2812 igitur
571 2730 668 2792 etiam
701 2751 760 2792 nos
789 2751 809 2791 a
837 2725 936 2790 schol.
962 2724 1004 2789 ad
1029 2725 1116 2791 Plut.
1145 2729 1277 2790 1037.8

164 2833 389 2918 antiquissimo
412 2834 551 2915 τηλία·
574 2835 734 2896 κοσκίνου
756 2827 879 2903 κύκλος
901 2820 922 2910 ἢ
934 2828 1033 2906 ’σανὶς
1048 2835 1198 2912 πλατεῖα,
1220 2830 1276 2912 ἐφ’

164 2922 204 3014 ἧς
224 2926 348 3016 ἄλφιτα
368 2937 536 2997 ποιοῦσιν.
560 2934 597 2997 ἐν
619 2933 655 2997 it
677 2936 723 3020 τῷ
742 2927 957 3015 ὑπομνήματι
979 2925 1107 3023 οὕτως·
1130 2934 1281 2995 τοῦτοτί

164 3037 256 3101 ἐστιν
278 3031 341 3100 οὐκ
362 3031 453 3119 οῖδα,
480 3030 531 3100 ὅτι
552 3029 588 3098 it
615 3029 839 3117 συμβάλλεται
862 3032 899 3096 ἐν
922 3036 1062 3118 Μαρικᾷ
1082 3027 1277 3110 Εὐπόλιδος

164 3134 249 3201 οῖδα.
294 3132 391 3203 κάκεῖ
415 3133 478 3220 γὰρ
507 3132 568 3219 τὴν
583 3130 788 3219 Ὑπερβόλου
817 3132 941 3217 μητέρα
970 3137 1065 3220 τηλία
1094 3134 1214 3213 εἰκάζει
1236 3137 1277 3220 τῇ

163 3241 302 3323 πλατείᾳ
324 3240 444 3303 σανίδι.
481 3235 545 3301 κτὲ.
592 3235 860 3300 Hemsterhusius
887 3235 969 3300 nihil
992 3236 1082 3301 aliud
1105 3246 1278 3323 suppetere

164 3350 270 3421 ratus,
301 3361 398 3426 quam
420 3348 456 3402 ut
478 3339 518 3403 de
539 3339 725 3402 coniectura
746 3338 928 3402 remedium
949 3347 1140 3421 arcesseret,
1161 3362 1194 3425 p.
1214 3342 1275 3402 214

164 3441 214 3505 ed.
240 3441 356 3506 Dindf.
382 3440 558 3525 legendum
580 3460 651 3502 esse
677 3439 878 3503 existimavit
896 3433 948 3502 ὅτι
971 3433 1004 3503 d'
1030 3434 1277 3523 ἀμφιβάλλεται

164 3546 352 3620 ‘antiquam
371 3555 469 3607 aciem
490 3564 561 3619 esse,
583 3547 865 3620 siqnificatienisque
883 3551 1098 3618 οοκίνοναται,
1117 3547 1173 3606 hoc
1188 3551 1275 3620 scie',

163 3640 361 3708 Schneidero
376 3643 547 3730 vapulans,
570 3644 636 3729 qui,
652 3664 725 3706 eum
740 3641 847 3706 locum
864 3651 1011 3705 nontam
1024 3643 1152 3706 medica
1165 3667 1274 3726 manu,

163 3766 260 3829 quam
288 3746 474 3830 interpretis
501 3745 650 3808 acumine
677 3741 826 3827 indigere
856 3742 918 3807 sibi
940 3745 1171 3830 persuasisset,
1192 3769 1275 3811 com-

161 3846 312 3908 mentarii
334 3847 523 3931 scriptorem
542 3845 603 3909 hoc
625 3845 750 3909 dixisse
773 3846 887 3908 statuit
916 3850 1002 3910 ‘Seio
1022 3853 1117 3910 locum
1143 3861 1276 3914 nostrum

160 3952 195 4010 ob
226 3966 325 4010 rocem
356 3949 475 4028 τηλία
502 3953 540 4011 ab
568 3955 728 4026 interprete
754 3951 911 4025 Eupolidis
938 3968 1006 4011 eam
1031 3954 1124 4013 simili
1147 3957 1275 4028 quodam

161 4055 241 4112 iilius
266 4055 372 4112 comici
391 4057 454 4114 ioco
480 4059 686 4130 comparatum
712 4056 802 4112 esse’.
845 4045 970 4113 Vereor
988 4069 1030 4111 ne
1051 4059 1167 4116 neuter
1191 4074 1275 4118 com-

160 4152 350 4213 mentatoris
381 4159 523 4214 mentem
552 4157 720 4213 assecutus
752 4149 804 4212 sit.
853 4148 977 4233 Aperte
1009 4151 1096 4215 enim
1126 4153 1273 4220 scholion

159 4249 220 4315 hoc
245 4253 389 4315 omnium
409 4237 670 4336 antiquissimum
692 4259 767 4314 ante
789 4250 898 4314 oculos
920 4251 1035 4317 habuit
1052 4264 1166 4320 auctor
1188 4256 1271 4320 alius
