2752 4890
617 394 805 455 -Ι-
1196 395 1256 456 135

231 559 318 644 (526.
348 553 456 634 οὕτως
483 523 656 641 ήχραφή·
678 552 853 641 εὔχομαι
878 553 1191 668 ίλιτάμενος,’
1151 583 1193 626 ου
1214 555 1252 658 τδ

143 659 310 724 ἐναντίον.
335 658 393 741 A.)

230 762 303 826 528.
324 760 531 826 Aristonicus
553 754 779 826 άθετελταικ
799 765 943 845 εἴρηκεν.
988 755 1153 849 Didymus
1175 758 1252 831 ὁδὲ

142 859 335 947 Ζηνόδοτος
356 855 438 926 οὐδὲ
461 862 610 945 ἔγραφεν
630 856 746 928 αὐτόν.
770 863 812 927 A.

231 965 318 1053 (538.
342 958 451 1040 οὕτως
472 958 528 1028 διὰ
549 967 613 1030 τοῦ
638 987 667 1030 ει
694 959 731 1030 τὰ
762 966 800 1030 εί
820 959 897 1049 γάρ
916 958 1015 1047 tyrio
1037 960 1105 1050 ὥς,
1134 966 1189 1032 καί
1217 961 1254 1034 τά

145 1061 318 1150 άχήρυς
340 1061 396 1131 διά
418 1067 480 1130 τοῦ
502 1087 539 1132 ω.
561 1064 619 1150 Α.)

229 1170 303 1230 557.
326 1167 552 1232 Aristonicus:
574 1161 808 1232 άθετείται-
825 1161 953 1232 εὐδίαν.
997 1169 1163 1255 Didymus
1189 1163 1254 1234 οὐκ

143 1268 307 1353 ἐφέροντο
328 1266 366 1334 δὲ
386 1265 468 1336 οὐδὲ
494 1263 584 1353 παρὰ
605 1265 793 1416 Ζήνοδότφ,
819 1267 980 1356 ήθίτειδ
962 1271 1000 1337 δὲ
1030 1267 1085 1336 καί
1105 1263 1254 1354 Ἀριστο-

140 1366 261 1455 φάνει·
282 1370 325 1436 A

682 1533 706 1602 1.

225 1681 255 1740 4.
278 1673 448 1760 άνεμοι·
474 1666 495 1759 ή
515 1667 787 1760 Ἀριστοφάνειος
801 1672 939 1762 άνέμοο
961 1680 1099 1758 δνίκολς.
1121 1684 1163 1747 Α.

226 1781 256 1842 7.
281 1779 440 1861 ἔχευεν·
461 1776 572 1860 διχιός,
591 1778 646 1844 καὶ
668 1775 724 1845 διά
745 1782 808 1846 τοῦ
827 1803 858 1863 α,
881 1781 1045 1862 ἔχευαν.
1069 1782 1111 1847 A.
1144 1817 1145 1820 ¹

228 1883 277 1945 18.
300 1880 352 1964 με’
358 1903 406 1964 χοι
424 1873 634 1964 Ἀρίσταρχος
656 1878 722 1946 σὺν
742 1885 787 1970 τῷ
807 1897 829 1945 σ
849 1881 977 1965 μάχας
997 1883 1098 1952 ABL..

227 1985 278 2047 23.
302 1985 354 2047 24.
379 1984 430 2045 25.
453 1976 544 2062 παρὰ
563 1980 742 2071 Ζήνοδότχυ
765 1976 830 2048 οὐκ
841 1982 1003 2068 ἐφέροντο
1018 1986 1053 2050 ot
1069 1996 1172 2069 τρεῖς·
1194 1988 1250 2052 uui

138 2078 380 2170 Ἀριστοφάνης
398 2082 435 2149 δὲ
458 2077 583 2168 ήθέτει.
602 2083 704 2149 ALV.
748 2086 841 2150 Haec
860 2085 1034 2174 Didymus.
1069 2086 1250 2152 Aristonici

141 2193 216 2251 sunt
237 2207 322 2272 quac
350 2193 529 2272 sequuntur
557 2185 634 2250 indo
663 2186 704 2251 ab
727 2180 931 2252 άθετοῦνται
954 2225 997 2236 -
1022 2184 1250 2271 ἐλαττώμασιν

140 2296 170 2352 et
191 2280 213 2371 ή
235 2288 338 2370 διιτλή
357 2321 401 2335 -
422 2284 604 2370 Διομήδης.
647 2287 721 2351 Ηοο
742 2288 813 2353 loco
834 2296 867 2352 ct
887 2292 917 2352 A
938 2290 1063 2354 78—83
1085 2311 1158 2353 mco
1179 2290 1250 2353 iuro

136 2409 236 2477 supra
257 2409 335 2452 usus
355 2411 436 2474 sum,
457 2397 494 2454 ut
511 2387 612 2454 schol.
635 2388 678 2455 ad
699 2393 727 2453 Θ
749 2391 821 2454 371.
845 2392 875 2454 2.
900 2391 973 2496 385.
996 2392 1068 2454 528.
1090 2393 1163 2474 557,
1182 2387 1249 2453 alic

134 2489 168 2555 in
192 2491 274 2554 duas
294 2498 403 2578 partes
425 2491 664 2556 distribuerem.

223 2595 274 2656 33.
293 2585 505 2674 Ἀρίσταρχος
525 2587 581 2656 διά
602 2594 664 2657 τοῦ
685 2587 972 2676 ημαχήσομαι·
996 2592 1038 2656 A.

220 2699 272 2759 36.
301 2687 410 2770 οὕτως
432 2687 642 2778 Ἀρίσταρχος
678 2687 781 2777 ήμὲν
813 2693 904 2759 νέοι
940 2687 1011 2778 ήδὲ
1040 2691 1245 2776 γέροντες.

125 2794 331 2882 γράφεσθαι
350 2793 389 2859 δέ
409 2811 493 2878 φησι
512 2793 568 2859 καὶ
589 2788 793 2880 ἡγήτορες
815 2788 887 2878 ήδὶ
909 2793 1117 2878 μέδοντες.
1137 2794 1179 2859 A.

220 2899 272 2960 57.
293 2885 315 2979 ἦ
337 2889 432 2980 μήν·
459 2891 515 2962 διά
536 2900 598 2960 τοῦ
617 2919 634 2960 ε
655 2897 692 2961 αί
707 2891 924 2982 Ἀριστάρχου
944 2887 967 2981 ή
988 2896 1072 2981 μίν.
1095 2897 1136 2961 Α.

218 3001 270 3062 66.
296 2990 507 3082 Ἀρίσταρχος
537 2994 593 3064 διά
620 3001 683 3063 τοῦ
709 3021 730 3062 α
758 3001 1035 3086 φυλακτῆρας
1063 2991 1144 3077 τοὺς
1175 2997 1245 3083 φύ-

116 3105 246 3176 λακας.
269 3099 310 3163 Α.

218 3203 269 3265 73.
290 3201 326 3266 αί
342 3193 561 3285 Ἀριστάρχου
588 3195 695 3280 οὕτως
718 3195 807 3285 είχον
834 3193 890 3264 διά
918 3203 981 3264 τοῦ
1007 3196 1088 3284 γάρ,
1118 3199 1243 3266 πολέ-

116 3319 202 3367 σιν
226 3297 302 3385 γὰρ
327 3297 547 3380 ἀνάσσεις·
589 3305 657 3387 ἔχει
675 3304 714 3369 δέ
735 3327 766 3368 τι
781 3296 966 3387 Ὁμηρικὸν
988 3300 1043 3368 καί
1065 3295 1162 3385 ήδιά
1181 3306 1243 3366 τοῦ

117 3403 185 3488 δέ,
207 3397 459 3469 πολέεσσιδ’
483 3398 697 3482 άνάσσεις.
720 3404 761 3469 Α.

217 3507 268 3569 78.
292 3505 445 3591 διαρρα
425 3508 534 3570 αίσει
559 3500 605 3570 δι’
629 3502 704 3584 ἑνὸς
724 3529 743 3589 ρ
765 3507 802 3570 αί
817 3500 1045 3598 Ἀριστάρχου.
1070 3505 1115 3568 D.

178 3591 319 3670 86.
297 3629 350 3690 αμ
354 3601 588 3690 ’·δστειχον
615 3601 867 3691 Αρίσταρχος
844 3630 925 3690 αμα
946 3615 1114 3690 στεῖχον
1137 3603 1242 3674 Ἰωνι-

122 3711 207 3784 κῶς.
230 3708 273 3773 Α.
314 3709 396 3794 Leg.
415 3703 535 3786 Ἱαιιοδς.

215 3809 268 3873 88.
288 3805 463 3894 δόρπου·
482 3804 692 3892 Ἀρίσταρχος
713 3803 796 3892 μετὰ
817 3832 878 3888 του
907 3833 928 3874 α
955 3807 1096 3895 δόρπα.
1115 3808 1156 3872 Α.
1180 3803 1240 3875 άλ-

125 3917 217 3987 λως·
239 3904 295 3974 διά
316 3914 378 3974 τοῦ
400 3933 421 3975 α
438 3907 574 3996 δόρπα
595 3911 633 3974 αί
648 3905 874 3995 Ἀριστάρχου.
912 3905 1050 3994 άιιαιρος
1071 3905 1108 3974 δὲ
1130 3906 1240 3992 Ζηνό-

126 4013 229 4088 δοτος
249 4007 393 4095 γράφων
411 4014 579 4078 τίθεντο
598 4009 642 4076 δὲ
660 4014 783 4078 δαῖτα
804 4010 1003 4078 θάλειαν·
1027 4005 1153 4075 ἄτοπον
1174 4005 1239 4096 γάρ

127 4108 302 4190 θαλιάζειν
321 4108 402 4191 τούς
422 4111 542 4179 πένθει
564 4108 693 4202 ἀτλήτῳ
714 4109 777 4196 τήν
798 4111 912 4198 ψυχήν
938 4113 1174 4198 βεβλήμένους.
1195 4111 1238 4176 A.

213 4215 264 4277 89.
286 4207 474 4292 άολλίας·
495 4208 705 4300 Ἀρίσταρχος
724 4210 927 4297 ἀριστέας.
961 4215 1004 4279 Α.

216 4317 292 4380 109.
307 4309 611 4400 ἀπεμυθεόμην
632 4311 740 4394 οὕτως
758 4311 978 4400 Ἀρίσταρχος.
1002 4316 1043 4382 A.
