<?xml version="1.0" encoding="UTF-8"?>
<!DOCTYPE html PUBLIC "-//W3C//DTD XHTML 1.0 Transitional//EN"
    "http://www.w3.org/TR/xhtml1/DTD/xhtml1-transitional.dtd">
<html xmlns="http://www.w3.org/1999/xhtml" xml:lang="en" lang="en">
 <head>
  <title>
</title>
<meta http-equiv="Content-Type" content="text/html;charset=utf-8" />
  <meta name='ocr-system' content='tesseract 3.04.00' />
  <meta name='ocr-capabilities' content='ocr_page ocr_carea ocr_par ocr_line ocrx_word'/>
</head>
<body>
  <div class='ocr_page' id='page_1' title='image "./didymichalcente01schmgoog_0084.png"; bbox 0 0 2812 4868; ppageno 0'>
   <div class='ocr_carea' id='block_1_1' title="bbox 1139 343 1179 427">
    <p class='ocr_par' dir='ltr' id='par_1_1' title="bbox 1139 343 1179 427">
     <span class='ocr_line' id='line_1_1' title="bbox 1139 343 1179 427; baseline 0 0"><span class='ocrx_word' id='word_1_1' title='bbox 1139 343 1179 427; x_wconf 81' lang='grc'>05</span> 
     </span>
    </p>
   </div>
   <div class='ocr_carea' id='block_1_2' title="bbox 111 519 1178 614">
    <p class='ocr_par' dir='ltr' id='par_1_2' title="bbox 111 519 1178 614">
     <span class='ocr_line' id='line_1_2' title="bbox 111 519 1178 614; baseline 0 -20"><span class='ocrx_word' id='word_1_2' title='bbox 111 523 287 614; x_wconf 77' lang='grc' dir='ltr'>δερμάτων</span> <span class='ocrx_word' id='word_1_3' title='bbox 309 527 456 610; x_wconf 75' lang='lat' dir='ltr'>clystera,</span> <span class='ocrx_word' id='word_1_4' title='bbox 478 519 498 609; x_wconf 78' lang='grc' dir='ltr'><em>ἡ</em></span> <span class='ocrx_word' id='word_1_5' title='bbox 521 521 558 590; x_wconf 76' lang='grc' dir='ltr'>δὲ</span> <span class='ocrx_word' id='word_1_6' title='bbox 579 527 722 607; x_wconf 83' lang='grc' dir='ltr'><strong><em>σίσυρνα</em></strong></span> <span class='ocrx_word' id='word_1_7' title='bbox 743 529 839 605; x_wconf 86' lang='lat' dir='ltr'>[adde</span> <span class='ocrx_word' id='word_1_8' title='bbox 860 529 893 594; x_wconf 93' lang='lat' dir='ltr'>h.</span> <span class='ocrx_word' id='word_1_9' title='bbox 910 533 955 612; x_wconf 85' lang='lat' dir='ltr'>v.]</span> <span class='ocrx_word' id='word_1_10' title='bbox 975 533 1094 612; x_wconf 78' lang='grc' dir='ltr'><strong><em>χλαῖνα</em></strong></span> <span class='ocrx_word' id='word_1_11' title='bbox 1112 523 1178 595; x_wconf 69' lang='lat' dir='ltr'>dard</span> 
     </span>
    </p>
   </div>
   <div class='ocr_carea' id='block_1_3' title="bbox 29 627 1230 4275">
    <p class='ocr_par' dir='ltr' id='par_1_3' title="bbox 54 627 1179 3767">
     <span class='ocr_line' id='line_1_3' title="bbox 111 627 1179 715; baseline 0.001 -20"><span class='ocrx_word' id='word_1_12' title='bbox 111 631 219 712; x_wconf 82' lang='grc' dir='ltr'><strong><em>ἐρίων.</em></strong></span> <span class='ocrx_word' id='word_1_13' title='bbox 249 629 357 715; x_wconf 81' lang='lat' dir='ltr'>Ipsius</span> <span class='ocrx_word' id='word_1_14' title='bbox 377 627 604 694; x_wconf 78' lang='lat' dir='ltr'>Eratosthenis</span> <span class='ocrx_word' id='word_1_15' title='bbox 633 629 811 694; x_wconf 88' lang='lat' dir='ltr'>afferuntur</span> <span class='ocrx_word' id='word_1_16' title='bbox 832 629 942 713; x_wconf 87' lang='lat' dir='ltr'>verba,</span> <span class='ocrx_word' id='word_1_17' title='bbox 964 631 1179 696; x_wconf 84' lang='lat' dir='ltr'>differentiam</span> 
     </span>
     <span class='ocr_line' id='line_1_4' title="bbox 110 729 1178 820; baseline -0.001 -23"><span class='ocrx_word' id='word_1_18' title='bbox 110 732 200 797; x_wconf 91' lang='lat' dir='ltr'>illam</span> <span class='ocrx_word' id='word_1_19' title='bbox 222 730 264 794; x_wconf 89' lang='lat' dir='ltr'>ab</span> <span class='ocrx_word' id='word_1_20' title='bbox 287 729 360 794; x_wconf 89' lang='lat' dir='ltr'>aliis</span> <span class='ocrx_word' id='word_1_21' title='bbox 381 738 533 795; x_wconf 90' lang='lat' dir='ltr'>statutam</span> <span class='ocrx_word' id='word_1_22' title='bbox 552 753 617 795; x_wconf 90' lang='lat' dir='ltr'>non</span> <span class='ocrx_word' id='word_1_23' title='bbox 639 732 750 816; x_wconf 90' lang='lat' dir='ltr'>magni</span> <span class='ocrx_word' id='word_1_24' title='bbox 772 731 934 796; x_wconf 87' lang='lat' dir='ltr'>facientis.</span> <span class='ocrx_word' id='word_1_25' title='bbox 965 732 1178 820; x_wconf 88' lang='lat' dir='ltr'>Verbaprae·</span> 
     </span>
     <span class='ocr_line' id='line_1_5' title="bbox 110 825 1179 920; baseline 0 -22"><span class='ocrx_word' id='word_1_26' title='bbox 110 835 211 898; x_wconf 89' lang='lat' dir='ltr'>missa</span> <span class='ocrx_word' id='word_1_27' title='bbox 239 827 324 920; x_wconf 79' lang='grc' dir='ltr'><strong><em>πρὸς</em></strong></span> <span class='ocrx_word' id='word_1_28' title='bbox 352 827 390 896; x_wconf 70' lang='lat' dir='ltr'>di</span> <span class='ocrx_word' id='word_1_29' title='bbox 410 825 473 915; x_wconf 77' lang='grc' dir='ltr'>τὴν</span> <span class='ocrx_word' id='word_1_30' title='bbox 491 827 661 916; x_wconf 80' lang='grc' dir='ltr'><strong><em>διαφοράν</em></strong></span> <span class='ocrx_word' id='word_1_31' title='bbox 682 832 804 898; x_wconf 89' lang='lat' dir='ltr'>indicio</span> <span class='ocrx_word' id='word_1_32' title='bbox 831 843 907 898; x_wconf 89' lang='lat' dir='ltr'>sunt</span> <span class='ocrx_word' id='word_1_33' title='bbox 929 834 1179 900; x_wconf 79' lang='lat' dir='ltr'><strong>Eratosthenem</strong></span> 
     </span>
     <span class='ocr_line' id='line_1_6' title="bbox 115 933 1178 1022; baseline -0.002 -22"><span class='ocrx_word' id='word_1_34' title='bbox 115 937 165 1000; x_wconf 93' lang='lat' dir='ltr'>his</span> <span class='ocrx_word' id='word_1_35' title='bbox 184 934 296 1000; x_wconf 85' lang='lat' dir='ltr'>verbis</span> <span class='ocrx_word' id='word_1_36' title='bbox 319 934 524 998; x_wconf 80' lang='lat' dir='ltr'>decessorem</span> <span class='ocrx_word' id='word_1_37' title='bbox 545 933 686 1022; x_wconf 84' lang='lat' dir='ltr'>aliquem</span> <span class='ocrx_word' id='word_1_38' title='bbox 709 937 927 1022; x_wconf 80' lang='lat' dir='ltr'>impugnasse,</span> <span class='ocrx_word' id='word_1_39' title='bbox 951 936 1007 1021; x_wconf 92' lang='lat' dir='ltr'>qui</span> <span class='ocrx_word' id='word_1_40' title='bbox 1029 934 1178 1000; x_wconf 88' lang='lat' dir='ltr'>differen-</span> 
     </span>
     <span class='ocr_line' id='line_1_7' title="bbox 110 1035 1179 1125; baseline -0.002 -22"><span class='ocrx_word' id='word_1_41' title='bbox 110 1040 190 1104; x_wconf 90' lang='lat' dir='ltr'>tiam</span> <span class='ocrx_word' id='word_1_42' title='bbox 205 1036 296 1101; x_wconf 91' lang='lat' dir='ltr'>illam</span> <span class='ocrx_word' id='word_1_43' title='bbox 312 1035 476 1100; x_wconf 89' lang='lat' dir='ltr'>mordicus</span> <span class='ocrx_word' id='word_1_44' title='bbox 491 1044 603 1100; x_wconf 89' lang='lat' dir='ltr'>tenere</span> <span class='ocrx_word' id='word_1_45' title='bbox 619 1035 727 1118; x_wconf 90' lang='lat' dir='ltr'>vellet,</span> <span class='ocrx_word' id='word_1_46' title='bbox 748 1037 956 1125; x_wconf 80' lang='lat' dir='ltr'>insinuatque</span> <span class='ocrx_word' id='word_1_47' title='bbox 974 1057 1009 1100; x_wconf 89' lang='lat' dir='ltr'>se</span> <span class='ocrx_word' id='word_1_48' title='bbox 1025 1036 1179 1124; x_wconf 90' lang='lat' dir='ltr'>suspicio,</span> 
     </span>
     <span class='ocr_line' id='line_1_8' title="bbox 108 1133 1179 1227; baseline -0.001 -23"><span class='ocrx_word' id='word_1_49' title='bbox 108 1139 360 1227; x_wconf 89' lang='lat' dir='ltr'>Lycophronem</span> <span class='ocrx_word' id='word_1_50' title='bbox 383 1137 469 1201; x_wconf 90' lang='lat' dir='ltr'>huno</span> <span class='ocrx_word' id='word_1_51' title='bbox 490 1158 573 1200; x_wconf 90' lang='grc'>0000.</span> <span class='ocrx_word' id='word_1_52' title='bbox 630 1135 684 1202; x_wconf 87' lang='lat' dir='ltr'>Sic</span> <span class='ocrx_word' id='word_1_53' title='bbox 706 1138 793 1202; x_wconf 91' lang='lat' dir='ltr'>enim</span> <span class='ocrx_word' id='word_1_54' title='bbox 813 1161 910 1227; x_wconf 88' lang='lat' dir='ltr'>saepe</span> <span class='ocrx_word' id='word_1_55' title='bbox 939 1138 1063 1203; x_wconf 87' lang='lat' dir='ltr'>scholia</span> <span class='ocrx_word' id='word_1_56' title='bbox 1093 1133 1179 1221; x_wconf 76' lang='grc' dir='ltr'><strong><em>πρὸς</em></strong></span> 
     </span>
     <span class='ocr_line' id='line_1_9' title="bbox 109 1238 1176 1328; baseline -0.002 -22"><span class='ocrx_word' id='word_1_57' title='bbox 109 1238 320 1323; x_wconf 80' lang='grc' dir='ltr'><strong><em>Λυκόφρονα</em></strong></span> <span class='ocrx_word' id='word_1_58' title='bbox 341 1238 387 1303; x_wconf 79' lang='grc' dir='ltr'>δέ.</span> <span class='ocrx_word' id='word_1_59' title='bbox 433 1238 608 1302; x_wconf 86' lang='lat' dir='ltr'>Praeterea</span> <span class='ocrx_word' id='word_1_60' title='bbox 629 1238 670 1302; x_wconf 92' lang='lat' dir='ltr'>de</span> <span class='ocrx_word' id='word_1_61' title='bbox 692 1238 724 1303; x_wconf 92' lang='lat' dir='ltr'>h.</span> <span class='ocrx_word' id='word_1_62' title='bbox 748 1263 780 1304; x_wconf 92' lang='lat' dir='ltr'>v.</span> <span class='ocrx_word' id='word_1_63' title='bbox 803 1239 864 1305; x_wconf 85' lang='lat' dir='ltr'>cfr.</span> <span class='ocrx_word' id='word_1_64' title='bbox 886 1239 969 1306; x_wconf 93' lang='lat' dir='ltr'>Poll.</span> <span class='ocrx_word' id='word_1_65' title='bbox 992 1239 1060 1304; x_wconf 88' lang='lat' dir='ltr'>VII</span> <span class='ocrx_word' id='word_1_66' title='bbox 1082 1245 1122 1306; x_wconf 87' lang='grc'>70</span> <span class='ocrx_word' id='word_1_67' title='bbox 1145 1265 1176 1328; x_wconf 92' lang='lat' dir='ltr'>p.</span> 
     </span>
     <span class='ocr_line' id='line_1_10' title="bbox 109 1339 1177 1428; baseline -0.004 -20"><span class='ocrx_word' id='word_1_68' title='bbox 109 1347 168 1408; x_wconf 86' lang='lat'>291</span> <span class='ocrx_word' id='word_1_69' title='bbox 193 1341 303 1407; x_wconf 87' lang='lat' dir='ltr'>Bekk.</span> <span class='ocrx_word' id='word_1_70' title='bbox 327 1340 362 1404; x_wconf 87' lang='lat' dir='ltr'>X</span> <span class='ocrx_word' id='word_1_71' title='bbox 386 1342 445 1405; x_wconf 87' lang='grc'>186</span> <span class='ocrx_word' id='word_1_72' title='bbox 472 1363 504 1426; x_wconf 89' lang='lat' dir='ltr'>p.</span> <span class='ocrx_word' id='word_1_73' title='bbox 524 1342 586 1404; x_wconf 91' lang='grc'>449</span> <span class='ocrx_word' id='word_1_74' title='bbox 618 1339 764 1428; x_wconf 90' lang='lat' dir='ltr'>Hesych.</span> <span class='ocrx_word' id='word_1_75' title='bbox 792 1363 818 1406; x_wconf 91' lang='lat' dir='ltr'>s.</span> <span class='ocrx_word' id='word_1_76' title='bbox 840 1365 872 1407; x_wconf 84' lang='lat' dir='ltr'>v.</span> <span class='ocrx_word' id='word_1_77' title='bbox 896 1344 997 1425; x_wconf 83' lang='grc' dir='ltr'><strong><em>σνρία</em></strong></span> <span class='ocrx_word' id='word_1_78' title='bbox 1019 1344 1177 1426; x_wconf 67' lang='grc'>01010100.</span> 
     </span>
     <span class='ocr_line' id='line_1_11' title="bbox 109 1440 1177 1531; baseline -0.001 -20"><span class='ocrx_word' id='word_1_79' title='bbox 109 1447 211 1530; x_wconf 79' lang='lat' dir='ltr'>Greg.</span> <span class='ocrx_word' id='word_1_80' title='bbox 242 1441 317 1511; x_wconf 79' lang='lat' dir='ltr'>Cor.</span> <span class='ocrx_word' id='word_1_81' title='bbox 348 1440 524 1506; x_wconf 79' lang='lat' dir='ltr'>CXLVIII</span> <span class='ocrx_word' id='word_1_82' title='bbox 551 1463 582 1528; x_wconf 93' lang='lat' dir='ltr'>p.</span> <span class='ocrx_word' id='word_1_83' title='bbox 604 1442 665 1504; x_wconf 89' lang='grc'>255</span> <span class='ocrx_word' id='word_1_84' title='bbox 694 1443 801 1509; x_wconf 90' lang='grc' dir='ltr'>Κο00.</span> <span class='ocrx_word' id='word_1_85' title='bbox 831 1443 942 1531; x_wconf 84' lang='lat' dir='ltr'>Steph.</span> <span class='ocrx_word' id='word_1_86' title='bbox 968 1443 1052 1509; x_wconf 90' lang='lat' dir='ltr'>thes.</span> <span class='ocrx_word' id='word_1_87' title='bbox 1075 1443 1117 1512; x_wconf 77' lang='lat' dir='ltr'>G.</span> <span class='ocrx_word' id='word_1_88' title='bbox 1137 1443 1177 1510; x_wconf 89' lang='lat' dir='ltr'>L.</span> 
     </span>
     <span class='ocr_line' id='line_1_12' title="bbox 108 1541 1014 1629; baseline -0.002 -19"><span class='ocrx_word' id='word_1_89' title='bbox 108 1546 144 1610; x_wconf 95' lang='lat' dir='ltr'>II</span> <span class='ocrx_word' id='word_1_90' title='bbox 168 1541 315 1629; x_wconf 70' lang='grc'>160100.</span> <span class='ocrx_word' id='word_1_91' title='bbox 990 1565 1014 1584; x_wconf 64' lang='lat'>&#39;⁴</span> 
     </span>
     <span class='ocr_line' id='line_1_13' title="bbox 74 1642 1177 1732; baseline 0.003 -22"><span class='ocrx_word' id='word_1_92' title='bbox 74 1722 77 1730; x_wconf 21' lang='lat' dir='ltr'>y</span> <span class='ocrx_word' id='word_1_93' title='bbox 152 1647 305 1732; x_wconf 79' lang='lat' dir='ltr'>Quinque</span> <span class='ocrx_word' id='word_1_94' title='bbox 327 1645 429 1730; x_wconf 86' lang='lat' dir='ltr'>igitur</span> <span class='ocrx_word' id='word_1_95' title='bbox 450 1642 566 1728; x_wconf 88' lang='lat' dir='ltr'>fontes,</span> <span class='ocrx_word' id='word_1_96' title='bbox 589 1646 677 1711; x_wconf 90' lang='lat' dir='ltr'>unde</span> <span class='ocrx_word' id='word_1_97' title='bbox 698 1654 810 1711; x_wconf 86' lang='lat' dir='ltr'>nostra</span> <span class='ocrx_word' id='word_1_98' title='bbox 829 1647 870 1712; x_wconf 92' lang='lat' dir='ltr'>de</span> <span class='ocrx_word' id='word_1_99' title='bbox 891 1647 942 1712; x_wconf 91' lang='lat' dir='ltr'>his</span> <span class='ocrx_word' id='word_1_100' title='bbox 963 1647 1100 1713; x_wconf 91' lang='lat' dir='ltr'>vocibus</span> <span class='ocrx_word' id='word_1_101' title='bbox 1122 1669 1177 1713; x_wconf 88' lang='lat' dir='ltr'>no-</span> 
     </span>
     <span class='ocr_line' id='line_1_14' title="bbox 67 1746 1179 1836; baseline -0.001 -21"><span class='ocrx_word' id='word_1_102' title='bbox 67 1751 140 1815; x_wconf 86' lang='lat' dir='ltr'>titia</span> <span class='ocrx_word' id='word_1_103' title='bbox 160 1747 291 1836; x_wconf 84' lang='lat' dir='ltr'>pendet,</span> <span class='ocrx_word' id='word_1_104' title='bbox 313 1746 462 1832; x_wconf 81' lang='lat' dir='ltr'>dignosci</span> <span class='ocrx_word' id='word_1_105' title='bbox 483 1754 627 1832; x_wconf 84' lang='lat' dir='ltr'>possunt,</span> <span class='ocrx_word' id='word_1_106' title='bbox 651 1769 731 1834; x_wconf 93' lang='lat' dir='ltr'>quos</span> <span class='ocrx_word' id='word_1_107' title='bbox 753 1749 838 1813; x_wconf 91' lang='lat' dir='ltr'>inter</span> <span class='ocrx_word' id='word_1_108' title='bbox 858 1747 1105 1835; x_wconf 89' lang='lat' dir='ltr'>limpidissimus</span> <span class='ocrx_word' id='word_1_109' title='bbox 1129 1758 1179 1814; x_wconf 90' lang='lat' dir='ltr'>est</span> 
     </span>
     <span class='ocr_line' id='line_1_15' title="bbox 68 1846 1177 1935; baseline 0.001 -20"><span class='ocrx_word' id='word_1_110' title='bbox 68 1849 313 1932; x_wconf 74' lang='lat' dir='ltr'>Eratosthenes,</span> <span class='ocrx_word' id='word_1_111' title='bbox 336 1870 432 1935; x_wconf 91' lang='lat' dir='ltr'>quem</span> <span class='ocrx_word' id='word_1_112' title='bbox 452 1846 633 1935; x_wconf 91' lang='lat' dir='ltr'>Didymum</span> <span class='ocrx_word' id='word_1_113' title='bbox 652 1857 824 1935; x_wconf 90' lang='lat' dir='ltr'>sequutum</span> <span class='ocrx_word' id='word_1_114' title='bbox 846 1851 974 1914; x_wconf 90' lang='grc'>000010</span> <span class='ocrx_word' id='word_1_115' title='bbox 996 1850 1103 1916; x_wconf 85' lang='lat' dir='ltr'>lexico</span> <span class='ocrx_word' id='word_1_116' title='bbox 1126 1873 1177 1916; x_wconf 91' lang='grc'>00-</span> 
     </span>
     <span class='ocr_line' id='line_1_16' title="bbox 69 1949 1177 2037; baseline 0.002 -21"><span class='ocrx_word' id='word_1_117' title='bbox 69 1955 152 2016; x_wconf 89' lang='lat' dir='ltr'>mieo</span> <span class='ocrx_word' id='word_1_118' title='bbox 165 1973 209 2015; x_wconf 87' lang='lat' dir='ltr'>ex</span> <span class='ocrx_word' id='word_1_119' title='bbox 214 1949 382 2037; x_wconf 89' lang='lat' dir='ltr'>Hesychio</span> <span class='ocrx_word' id='word_1_120' title='bbox 394 1949 587 2035; x_wconf 84' lang='lat' dir='ltr'>colligimus,</span> <span class='ocrx_word' id='word_1_121' title='bbox 596 1971 755 2037; x_wconf 87' lang='lat' dir='ltr'>quemque</span> <span class='ocrx_word' id='word_1_122' title='bbox 768 1951 913 2036; x_wconf 79' lang='lat' dir='ltr'>sequitur</span> <span class='ocrx_word' id='word_1_123' title='bbox 924 1961 1094 2037; x_wconf 86' lang='lat' dir='ltr'>praeterea</span> <span class='ocrx_word' id='word_1_124' title='bbox 1100 1954 1177 2018; x_wconf 85' lang='lat' dir='ltr'>Am·</span> 
     </span>
     <span class='ocr_line' id='line_1_17' title="bbox 69 2049 1177 2139; baseline 0.002 -21"><span class='ocrx_word' id='word_1_125' title='bbox 69 2055 196 2119; x_wconf 86' lang='lat' dir='ltr'>monins</span> <span class='ocrx_word' id='word_1_126' title='bbox 208 2076 252 2139; x_wconf 93' lang='lat' dir='ltr'>.p.</span> <span class='ocrx_word' id='word_1_127' title='bbox 273 2053 332 2115; x_wconf 91' lang='grc'>128</span> <span class='ocrx_word' id='word_1_128' title='bbox 354 2049 472 2115; x_wconf 86' lang='lat' dir='ltr'>Valck.</span> <span class='ocrx_word' id='word_1_129' title='bbox 495 2052 567 2117; x_wconf 91' lang='lat' dir='ltr'>cod.</span> <span class='ocrx_word' id='word_1_130' title='bbox 583 2051 717 2116; x_wconf 79' lang='lat' dir='ltr'>Tauria.</span> <span class='ocrx_word' id='word_1_131' title='bbox 740 2075 772 2115; x_wconf 91' lang='lat' dir='ltr'>n.</span> <span class='ocrx_word' id='word_1_132' title='bbox 789 2055 847 2115; x_wconf 87' lang='grc'>179</span> <span class='ocrx_word' id='word_1_133' title='bbox 863 2052 920 2116; x_wconf 94' lang='grc'>101.</span> <span class='ocrx_word' id='word_1_134' title='bbox 935 2053 996 2118; x_wconf 88' lang='grc'>276</span> <span class='ocrx_word' id='word_1_135' title='bbox 1019 2055 1119 2121; x_wconf 89' lang='lat' dir='ltr'>schol.</span> <span class='ocrx_word' id='word_1_136' title='bbox 1135 2057 1177 2120; x_wconf 86' lang='lat' dir='ltr'>ad</span> 
     </span>
     <span class='ocr_line' id='line_1_18' title="bbox 70 2151 1177 2244; baseline 0.003 -26"><span class='ocrx_word' id='word_1_137' title='bbox 70 2151 429 2240; x_wconf 69' lang='grc' dir='ltr'>Ρ101.0.25611011010.</span> <span class='ocrx_word' id='word_1_138' title='bbox 449 2152 549 2218; x_wconf 85' lang='lat' dir='ltr'>schol.</span> <span class='ocrx_word' id='word_1_139' title='bbox 569 2154 611 2218; x_wconf 90' lang='lat' dir='ltr'>ad</span> <span class='ocrx_word' id='word_1_140' title='bbox 621 2155 680 2218; x_wconf 85' lang='lat' dir='ltr'>Ar.</span> <span class='ocrx_word' id='word_1_141' title='bbox 693 2155 780 2220; x_wconf 84' lang='lat' dir='ltr'>Avv.</span> <span class='ocrx_word' id='word_1_142' title='bbox 800 2155 858 2216; x_wconf 90' lang='grc'>122</span> <span class='ocrx_word' id='word_1_143' title='bbox 873 2153 979 2219; x_wconf 80' lang='lat' dir='ltr'>Banu.</span> <span class='ocrx_word' id='word_1_144' title='bbox 998 2161 1077 2222; x_wconf 88' lang='grc'>1597</span> <span class='ocrx_word' id='word_1_145' title='bbox 1099 2158 1177 2244; x_wconf 85' lang='lat' dir='ltr'>(Ra-</span> 
     </span>
     <span class='ocr_line' id='line_1_19' title="bbox 71 2254 1176 2346; baseline 0.001 -23"><span class='ocrx_word' id='word_1_146' title='bbox 71 2257 185 2344; x_wconf 84' lang='lat' dir='ltr'>venn.)</span> <span class='ocrx_word' id='word_1_147' title='bbox 208 2255 303 2321; x_wconf 87' lang='lat' dir='ltr'>Phot.</span> <span class='ocrx_word' id='word_1_148' title='bbox 327 2258 404 2338; x_wconf 90' lang='grc'>513,</span> <span class='ocrx_word' id='word_1_149' title='bbox 430 2259 478 2319; x_wconf 87' lang='grc'>17.</span> <span class='ocrx_word' id='word_1_150' title='bbox 504 2258 541 2320; x_wconf 91' lang='grc'>18</span> <span class='ocrx_word' id='word_1_151' title='bbox 571 2254 672 2320; x_wconf 88' lang='lat' dir='ltr'>schol.</span> <span class='ocrx_word' id='word_1_152' title='bbox 699 2255 743 2320; x_wconf 89' lang='lat' dir='ltr'>ad</span> <span class='ocrx_word' id='word_1_153' title='bbox 764 2255 901 2320; x_wconf 89' lang='lat' dir='ltr'>Theoor.</span> <span class='ocrx_word' id='word_1_154' title='bbox 923 2256 955 2322; x_wconf 91' lang='lat' dir='ltr'>V</span> <span class='ocrx_word' id='word_1_155' title='bbox 978 2261 1014 2320; x_wconf 87' lang='lat'>15</span> <span class='ocrx_word' id='word_1_156' title='bbox 1048 2281 1079 2346; x_wconf 91' lang='lat' dir='ltr'>p.</span> <span class='ocrx_word' id='word_1_157' title='bbox 1104 2261 1176 2324; x_wconf 91' lang='grc'>884.</span> 
     </span>
     <span class='ocr_line' id='line_1_20' title="bbox 69 2356 1177 2446; baseline 0.003 -24"><span class='ocrx_word' id='word_1_158' title='bbox 69 2359 156 2422; x_wconf 88' lang='lat' dir='ltr'>Huic</span> <span class='ocrx_word' id='word_1_159' title='bbox 177 2357 345 2446; x_wconf 84' lang='lat' dir='ltr'>proximus</span> <span class='ocrx_word' id='word_1_160' title='bbox 367 2365 418 2420; x_wconf 88' lang='lat' dir='ltr'>est</span> <span class='ocrx_word' id='word_1_161' title='bbox 439 2356 537 2421; x_wconf 85' lang='lat' dir='ltr'>lexici</span> <span class='ocrx_word' id='word_1_162' title='bbox 558 2366 672 2422; x_wconf 87' lang='lat' dir='ltr'>auctor</span> <span class='ocrx_word' id='word_1_163' title='bbox 692 2379 872 2444; x_wconf 84' lang='lat' dir='ltr'>anonymus</span> <span class='ocrx_word' id='word_1_164' title='bbox 885 2357 1111 2424; x_wconf 82' lang='lat' dir='ltr'>Eratosthenis</span> <span class='ocrx_word' id='word_1_165' title='bbox 1130 2369 1177 2425; x_wconf 86' lang='lat' dir='ltr'>ta-</span> 
     </span>
     <span class='ocr_line' id='line_1_21' title="bbox 69 2457 1176 2545; baseline 0.002 -19"><span class='ocrx_word' id='word_1_166' title='bbox 69 2485 145 2526; x_wconf 88' lang='lat' dir='ltr'>men</span> <span class='ocrx_word' id='word_1_167' title='bbox 156 2458 365 2524; x_wconf 85' lang='lat' dir='ltr'>adversarius</span> <span class='ocrx_word' id='word_1_168' title='bbox 378 2477 429 2543; x_wconf 89' lang='lat' dir='ltr'>ap.</span> <span class='ocrx_word' id='word_1_169' title='bbox 442 2457 543 2535; x_wconf 90' lang='lat' dir='ltr'>schol.</span> <span class='ocrx_word' id='word_1_170' title='bbox 557 2457 599 2522; x_wconf 91' lang='lat' dir='ltr'>ad</span> <span class='ocrx_word' id='word_1_171' title='bbox 610 2460 669 2524; x_wconf 89' lang='lat' dir='ltr'>Ar.</span> <span class='ocrx_word' id='word_1_172' title='bbox 677 2459 764 2523; x_wconf 86' lang='lat' dir='ltr'>Avv.</span> <span class='ocrx_word' id='word_1_173' title='bbox 777 2460 836 2521; x_wconf 91' lang='grc'>122</span> <span class='ocrx_word' id='word_1_174' title='bbox 850 2457 978 2542; x_wconf 80' lang='grc'>(110001.</span> <span class='ocrx_word' id='word_1_175' title='bbox 987 2465 1062 2545; x_wconf 89' lang='grc'>474)</span> <span class='ocrx_word' id='word_1_176' title='bbox 1076 2462 1176 2528; x_wconf 89' lang='lat' dir='ltr'>schol.</span> 
     </span>
     <span class='ocr_line' id='line_1_22' title="bbox 70 2557 1177 2649; baseline -0.002 -21"><span class='ocrx_word' id='word_1_177' title='bbox 70 2565 111 2628; x_wconf 87' lang='lat' dir='ltr'>ad</span> <span class='ocrx_word' id='word_1_178' title='bbox 124 2563 184 2626; x_wconf 92' lang='lat' dir='ltr'>Ar.</span> <span class='ocrx_word' id='word_1_179' title='bbox 197 2562 303 2626; x_wconf 89' lang='lat' dir='ltr'>Rann.</span> <span class='ocrx_word' id='word_1_180' title='bbox 319 2562 401 2623; x_wconf 88' lang='grc'>1507</span> <span class='ocrx_word' id='word_1_181' title='bbox 416 2557 470 2645; x_wconf 90' lang='lat' dir='ltr'>(V.</span> <span class='ocrx_word' id='word_1_182' title='bbox 481 2559 522 2646; x_wconf 78' lang='grc' dir='ltr'>Θ)</span> <span class='ocrx_word' id='word_1_183' title='bbox 536 2558 659 2646; x_wconf 88' lang='lat' dir='ltr'>Vespp.</span> <span class='ocrx_word' id='word_1_184' title='bbox 673 2563 745 2625; x_wconf 85' lang='grc'>737.</span> <span class='ocrx_word' id='word_1_185' title='bbox 762 2559 893 2625; x_wconf 81' lang='lat' dir='ltr'>Tertius</span> <span class='ocrx_word' id='word_1_186' title='bbox 907 2561 1059 2628; x_wconf 84' lang='lat' dir='ltr'>Timaeus</span> <span class='ocrx_word' id='word_1_187' title='bbox 1071 2586 1103 2649; x_wconf 93' lang='lat' dir='ltr'>p.</span> <span class='ocrx_word' id='word_1_188' title='bbox 1119 2567 1177 2628; x_wconf 91' lang='grc'>165</span> 
     </span>
     <span class='ocr_line' id='line_1_23' title="bbox 70 2659 1177 2750; baseline -0.004 -21"><span class='ocrx_word' id='word_1_189' title='bbox 70 2675 110 2730; x_wconf 89' lang='grc'>01.</span> <span class='ocrx_word' id='word_1_190' title='bbox 127 2667 256 2745; x_wconf 79' lang='lat' dir='ltr'>mill,</span> <span class='ocrx_word' id='word_1_191' title='bbox 272 2663 312 2726; x_wconf 92' lang='grc'>26</span> <span class='ocrx_word' id='word_1_192' title='bbox 333 2669 364 2726; x_wconf 97' lang='grc'>01</span> <span class='ocrx_word' id='word_1_193' title='bbox 379 2659 592 2748; x_wconf 84' lang='lat' dir='ltr'>interpolator</span> <span class='ocrx_word' id='word_1_194' title='bbox 603 2659 758 2726; x_wconf 88' lang='lat' dir='ltr'>Moeridis</span> <span class='ocrx_word' id='word_1_195' title='bbox 770 2684 802 2748; x_wconf 90' lang='lat' dir='ltr'>p.</span> <span class='ocrx_word' id='word_1_196' title='bbox 820 2664 881 2725; x_wconf 87' lang='grc'>255</span> <span class='ocrx_word' id='word_1_197' title='bbox 896 2661 1059 2747; x_wconf 81' lang='lat' dir='ltr'>chips,</span> <span class='ocrx_word' id='word_1_198' title='bbox 1072 2664 1128 2750; x_wconf 89' lang='lat' dir='ltr'>qui</span> <span class='ocrx_word' id='word_1_199' title='bbox 1142 2664 1177 2726; x_wconf 89' lang='grc'>10</span> 
     </span>
     <span class='ocr_line' id='line_1_24' title="bbox 70 2761 1178 2853; baseline -0.004 -21"><span class='ocrx_word' id='word_1_200' title='bbox 70 2768 177 2853; x_wconf 88' lang='lat' dir='ltr'>priore</span> <span class='ocrx_word' id='word_1_201' title='bbox 205 2764 337 2851; x_wconf 90' lang='lat' dir='ltr'>quidem</span> <span class='ocrx_word' id='word_1_202' title='bbox 365 2761 604 2851; x_wconf 84' lang='lat' dir='ltr'>explanationis</span> <span class='ocrx_word' id='word_1_203' title='bbox 639 2771 732 2847; x_wconf 81' lang='lat' dir='ltr'>parte</span> <span class='ocrx_word' id='word_1_204' title='bbox 762 2786 835 2828; x_wconf 92' lang='lat' dir='ltr'>cum</span> <span class='ocrx_word' id='word_1_205' title='bbox 863 2761 1080 2828; x_wconf 87' lang='lat' dir='ltr'>Eratosthene</span> <span class='ocrx_word' id='word_1_206' title='bbox 1103 2785 1178 2828; x_wconf 92' lang='lat' dir='ltr'>con·</span> 
     </span>
     <span class='ocr_line' id='line_1_25' title="bbox 70 2864 1179 2952; baseline 0.003 -20"><span class='ocrx_word' id='word_1_207' title='bbox 70 2870 227 2950; x_wconf 87' lang='lat' dir='ltr'>sentiunt,</span> <span class='ocrx_word' id='word_1_208' title='bbox 265 2865 382 2952; x_wconf 85' lang='lat' dir='ltr'>quihus</span> <span class='ocrx_word' id='word_1_209' title='bbox 408 2874 519 2931; x_wconf 88' lang='lat' dir='ltr'>tamen</span> <span class='ocrx_word' id='word_1_210' title='bbox 544 2864 578 2926; x_wconf 91' lang='lat' dir='ltr'>in</span> <span class='ocrx_word' id='word_1_211' title='bbox 599 2872 715 2928; x_wconf 89' lang='lat' dir='ltr'>neutra</span> <span class='ocrx_word' id='word_1_212' title='bbox 736 2886 810 2928; x_wconf 89' lang='lat' dir='ltr'>cum</span> <span class='ocrx_word' id='word_1_213' title='bbox 829 2866 971 2930; x_wconf 90' lang='lat' dir='ltr'>secundo</span> <span class='ocrx_word' id='word_1_214' title='bbox 992 2865 1082 2930; x_wconf 90' lang='grc'>10010</span> <span class='ocrx_word' id='word_1_215' title='bbox 1103 2888 1179 2936; x_wconf 85' lang='lat' dir='ltr'>oon-</span> 
     </span>
     <span class='ocr_line' id='line_1_26' title="bbox 69 2965 1179 3057; baseline -0.001 -21"><span class='ocrx_word' id='word_1_216' title='bbox 69 2972 169 3036; x_wconf 88' lang='lat' dir='ltr'>venit.</span> <span class='ocrx_word' id='word_1_217' title='bbox 214 2967 349 3032; x_wconf 85' lang='lat' dir='ltr'>Timaeo</span> <span class='ocrx_word' id='word_1_218' title='bbox 372 2990 432 3055; x_wconf 87' lang='lat' dir='ltr'>per</span> <span class='ocrx_word' id='word_1_219' title='bbox 453 2965 624 3032; x_wconf 89' lang='lat' dir='ltr'>dimidium</span> <span class='ocrx_word' id='word_1_220' title='bbox 645 2966 719 3031; x_wconf 87' lang='lat' dir='ltr'>viae</span> <span class='ocrx_word' id='word_1_221' title='bbox 742 2968 822 3032; x_wconf 89' lang='lat' dir='ltr'>socii</span> <span class='ocrx_word' id='word_1_222' title='bbox 843 2975 933 3052; x_wconf 88' lang='lat' dir='ltr'>sunt,</span> <span class='ocrx_word' id='word_1_223' title='bbox 960 2991 1041 3054; x_wconf 88' lang='lat' dir='ltr'>qnos</span> <span class='ocrx_word' id='word_1_224' title='bbox 1063 2978 1179 3057; x_wconf 88' lang='lat' dir='ltr'>quarto</span> 
     </span>
     <span class='ocr_line' id='line_1_27' title="bbox 69 3067 1178 3158; baseline 0 -22"><span class='ocrx_word' id='word_1_225' title='bbox 69 3072 139 3138; x_wconf 93' lang='grc'>1000</span> <span class='ocrx_word' id='word_1_226' title='bbox 163 3072 296 3136; x_wconf 91' lang='lat' dir='ltr'>nomino</span> <span class='ocrx_word' id='word_1_227' title='bbox 319 3078 427 3134; x_wconf 87' lang='lat' dir='ltr'>cetera</span> <span class='ocrx_word' id='word_1_228' title='bbox 454 3067 683 3132; x_wconf 88' lang='lat' dir='ltr'>dissentientes</span> <span class='ocrx_word' id='word_1_229' title='bbox 716 3077 762 3154; x_wconf 92' lang='lat' dir='ltr'>et,</span> <span class='ocrx_word' id='word_1_230' title='bbox 790 3071 818 3135; x_wconf 93' lang='lat' dir='ltr'>si</span> <span class='ocrx_word' id='word_1_231' title='bbox 848 3070 927 3158; x_wconf 91' lang='lat' dir='ltr'>quid</span> <span class='ocrx_word' id='word_1_232' title='bbox 949 3093 1106 3156; x_wconf 86' lang='lat' dir='ltr'>auguror,</span> <span class='ocrx_word' id='word_1_233' title='bbox 1136 3071 1178 3136; x_wconf 90' lang='lat' dir='ltr'>ab</span> 
     </span>
     <span class='ocr_line' id='line_1_28' title="bbox 70 3169 1178 3260; baseline 0 -22"><span class='ocrx_word' id='word_1_234' title='bbox 70 3174 218 3239; x_wconf 89' lang='lat' dir='ltr'>Eudemo</span> <span class='ocrx_word' id='word_1_235' title='bbox 245 3171 300 3239; x_wconf 87' lang='lat' dir='ltr'>vel</span> <span class='ocrx_word' id='word_1_236' title='bbox 320 3171 417 3236; x_wconf 91' lang='lat' dir='ltr'>Aelio</span> <span class='ocrx_word' id='word_1_237' title='bbox 439 3169 602 3255; x_wconf 90' lang='lat' dir='ltr'>Dionysio</span> <span class='ocrx_word' id='word_1_238' title='bbox 628 3170 681 3235; x_wconf 84' lang='lat' dir='ltr'>vel</span> <span class='ocrx_word' id='word_1_239' title='bbox 704 3169 869 3236; x_wconf 79' lang='lat' dir='ltr'>Pausania</span> <span class='ocrx_word' id='word_1_240' title='bbox 888 3170 1079 3260; x_wconf 90' lang='lat' dir='ltr'>plerumque</span> <span class='ocrx_word' id='word_1_241' title='bbox 1101 3196 1178 3260; x_wconf 92' lang='lat' dir='ltr'>pen-</span> 
     </span>
     <span class='ocr_line' id='line_1_29' title="bbox 71 3271 1177 3359; baseline 0 -19"><span class='ocrx_word' id='word_1_242' title='bbox 71 3275 183 3342; x_wconf 89' lang='lat' dir='ltr'>dentes</span> <span class='ocrx_word' id='word_1_243' title='bbox 192 3323 201 3358; x_wconf 94' lang='lat'>,</span> <span class='ocrx_word' id='word_1_244' title='bbox 217 3273 312 3339; x_wconf 84' lang='lat' dir='ltr'>Phot.</span> <span class='ocrx_word' id='word_1_245' title='bbox 330 3275 402 3356; x_wconf 93' lang='grc'>513,</span> <span class='ocrx_word' id='word_1_246' title='bbox 421 3275 459 3336; x_wconf 87' lang='grc'>19</span> <span class='ocrx_word' id='word_1_247' title='bbox 474 3272 608 3336; x_wconf 83' lang='grc' dir='ltr'>Βο0100.</span> <span class='ocrx_word' id='word_1_248' title='bbox 631 3271 767 3337; x_wconf 87' lang='lat' dir='ltr'>anecdd.</span> <span class='ocrx_word' id='word_1_249' title='bbox 785 3273 934 3359; x_wconf 76' lang='lat' dir='ltr'>Ipsos,</span> <span class='ocrx_word' id='word_1_250' title='bbox 951 3278 1026 3338; x_wconf 88' lang='grc'>401.</span> <span class='ocrx_word' id='word_1_251' title='bbox 1046 3298 1088 3340; x_wconf 91' lang='lat' dir='ltr'>m.</span> <span class='ocrx_word' id='word_1_252' title='bbox 1106 3280 1177 3359; x_wconf 89' lang='grc'>714,</span> 
     </span>
     <span class='ocr_line' id='line_1_30' title="bbox 54 3368 1178 3464; baseline 0.003 -25"><span class='ocrx_word' id='word_1_253' title='bbox 54 3377 108 3464; x_wconf 25' lang='grc'>,28</span> <span class='ocrx_word' id='word_1_254' title='bbox 129 3374 232 3441; x_wconf 89' lang='lat' dir='ltr'>schol.</span> <span class='ocrx_word' id='word_1_255' title='bbox 255 3374 298 3439; x_wconf 92' lang='lat' dir='ltr'>ad</span> <span class='ocrx_word' id='word_1_256' title='bbox 313 3375 371 3440; x_wconf 89' lang='lat' dir='ltr'>Ar.</span> <span class='ocrx_word' id='word_1_257' title='bbox 389 3373 496 3439; x_wconf 87' lang='lat' dir='ltr'>Rann.</span> <span class='ocrx_word' id='word_1_258' title='bbox 517 3376 597 3438; x_wconf 89' lang='grc'>1507</span> <span class='ocrx_word' id='word_1_259' title='bbox 619 3368 773 3462; x_wconf 79' lang='lat' dir='ltr'>(recens.)</span> <span class='ocrx_word' id='word_1_260' title='bbox 797 3374 919 3454; x_wconf 80' lang='lat' dir='ltr'>Quinto</span> <span class='ocrx_word' id='word_1_261' title='bbox 942 3374 1082 3463; x_wconf 90' lang='lat' dir='ltr'>denique</span> <span class='ocrx_word' id='word_1_262' title='bbox 1105 3377 1178 3442; x_wconf 90' lang='lat' dir='ltr'>loco</span> 
     </span>
     <span class='ocr_line' id='line_1_31' title="bbox 70 3475 1178 3564; baseline 0.003 -23"><span class='ocrx_word' id='word_1_263' title='bbox 70 3499 236 3559; x_wconf 82' lang='lat' dir='ltr'>accenseo,</span> <span class='ocrx_word' id='word_1_264' title='bbox 261 3477 316 3564; x_wconf 91' lang='lat' dir='ltr'>qui</span> <span class='ocrx_word' id='word_1_265' title='bbox 331 3478 440 3543; x_wconf 84' lang='lat' dir='ltr'>omnia</span> <span class='ocrx_word' id='word_1_266' title='bbox 454 3476 601 3559; x_wconf 85' lang='lat' dir='ltr'>miscent,</span> <span class='ocrx_word' id='word_1_267' title='bbox 622 3477 669 3541; x_wconf 87' lang='grc'>110</span> <span class='ocrx_word' id='word_1_268' title='bbox 689 3485 798 3541; x_wconf 88' lang='lat' dir='ltr'>tamen</span> <span class='ocrx_word' id='word_1_269' title='bbox 816 3484 853 3540; x_wconf 90' lang='lat' dir='ltr'>ut</span> <span class='ocrx_word' id='word_1_270' title='bbox 874 3475 962 3541; x_wconf 84' lang='lat' dir='ltr'>houd</span> <span class='ocrx_word' id='word_1_271' title='bbox 978 3479 1178 3563; x_wconf 88' lang='lat' dir='ltr'>spernendos</span> 
     </span>
     <span class='ocr_line' id='line_1_32' title="bbox 69 3577 1177 3664; baseline 0.005 -22"><span class='ocrx_word' id='word_1_272' title='bbox 69 3584 168 3645; x_wconf 86' lang='lat' dir='ltr'>testes</span> <span class='ocrx_word' id='word_1_273' title='bbox 190 3581 318 3664; x_wconf 88' lang='lat' dir='ltr'>sequuti</span> <span class='ocrx_word' id='word_1_274' title='bbox 339 3599 410 3643; x_wconf 87' lang='lat' dir='ltr'>esse</span> <span class='ocrx_word' id='word_1_275' title='bbox 432 3577 616 3662; x_wconf 88' lang='lat' dir='ltr'>videantur,</span> <span class='ocrx_word' id='word_1_276' title='bbox 634 3577 780 3664; x_wconf 88' lang='lat' dir='ltr'>Hesych.</span> <span class='ocrx_word' id='word_1_277' title='bbox 802 3580 898 3662; x_wconf 81' lang='grc' dir='ltr'><strong><em>βαίτη</em></strong></span> <span class='ocrx_word' id='word_1_278' title='bbox 921 3582 1032 3663; x_wconf 85' lang='grc' dir='ltr'><strong><em>σνρία.</em></strong></span> <span class='ocrx_word' id='word_1_279' title='bbox 1053 3581 1177 3648; x_wconf 86' lang='grc' dir='ltr'>Ρο1100.</span> 
     </span>
     <span class='ocr_line' id='line_1_33' title="bbox 71 3678 871 3767; baseline -0.004 -22"><span class='ocrx_word' id='word_1_280' title='bbox 71 3680 134 3746; x_wconf 92' lang='lat' dir='ltr'>VII</span> <span class='ocrx_word' id='word_1_281' title='bbox 157 3686 198 3745; x_wconf 86' lang='grc'>76</span> <span class='ocrx_word' id='word_1_282' title='bbox 220 3679 254 3744; x_wconf 89' lang='grc' dir='ltr'>Χ</span> <span class='ocrx_word' id='word_1_283' title='bbox 276 3684 335 3746; x_wconf 93' lang='grc'>186</span> <span class='ocrx_word' id='word_1_284' title='bbox 354 3689 387 3744; x_wconf 89' lang='grc'>01</span> <span class='ocrx_word' id='word_1_285' title='bbox 406 3679 507 3766; x_wconf 77' lang='lat' dir='ltr'>Greg.</span> <span class='ocrx_word' id='word_1_286' title='bbox 531 3678 606 3745; x_wconf 75' lang='lat' dir='ltr'>(lor.</span> <span class='ocrx_word' id='word_1_287' title='bbox 629 3701 661 3767; x_wconf 90' lang='lat' dir='ltr'>p.</span> <span class='ocrx_word' id='word_1_288' title='bbox 682 3681 743 3741; x_wconf 87' lang='grc'>255</span> <span class='ocrx_word' id='word_1_289' title='bbox 766 3679 871 3746; x_wconf 88' lang='lat' dir='ltr'>Koen.</span> 
     </span>
    </p>

    <p class='ocr_par' dir='ltr' id='par_1_4' title="bbox 29 3779 1230 4275">
     <span class='ocr_line' id='line_1_34' title="bbox 153 3779 1179 3869; baseline 0.001 -22"><span class='ocrx_word' id='word_1_290' title='bbox 153 3783 330 3864; x_wconf 80' lang='lat' dir='ltr'>Quaeritur</span> <span class='ocrx_word' id='word_1_291' title='bbox 354 3783 509 3869; x_wconf 87' lang='lat' dir='ltr'>denique,</span> <span class='ocrx_word' id='word_1_292' title='bbox 532 3783 604 3869; x_wconf 91' lang='lat' dir='ltr'>quis</span> <span class='ocrx_word' id='word_1_293' title='bbox 627 3783 661 3845; x_wconf 91' lang='lat' dir='ltr'>in</span> <span class='ocrx_word' id='word_1_294' title='bbox 684 3779 785 3845; x_wconf 87' lang='lat' dir='ltr'>schol.</span> <span class='ocrx_word' id='word_1_295' title='bbox 808 3780 839 3844; x_wconf 90' lang='lat' dir='ltr'>V</span> <span class='ocrx_word' id='word_1_296' title='bbox 861 3780 903 3845; x_wconf 91' lang='lat' dir='ltr'>ad</span> <span class='ocrx_word' id='word_1_297' title='bbox 924 3780 983 3847; x_wconf 86' lang='lat' dir='ltr'>Ar.</span> <span class='ocrx_word' id='word_1_298' title='bbox 1006 3783 1093 3849; x_wconf 89' lang='lat' dir='ltr'>Avv.</span> <span class='ocrx_word' id='word_1_299' title='bbox 1119 3786 1179 3848; x_wconf 91' lang='grc'>122</span> 
     </span>
     <span class='ocr_line' id='line_1_35' title="bbox 72 3877 1179 3970; baseline 0.004 -23"><span class='ocrx_word' id='word_1_300' title='bbox 72 3885 238 3970; x_wconf 87' lang='lat' dir='ltr'>scripserit</span> <span class='ocrx_word' id='word_1_301' title='bbox 259 3883 318 3950; x_wconf 85' lang='lat' dir='ltr'>illa</span> <span class='ocrx_word' id='word_1_302' title='bbox 343 3880 381 3950; x_wconf 84' lang='grc' dir='ltr'>τὸ</span> <span class='ocrx_word' id='word_1_303' title='bbox 405 3881 444 3948; x_wconf 76' lang='lat' dir='ltr'>dl</span> <span class='ocrx_word' id='word_1_304' title='bbox 463 3878 526 3948; x_wconf 80' lang='grc' dir='ltr'>οὐκ</span> <span class='ocrx_word' id='word_1_305' title='bbox 542 3886 632 3950; x_wconf 79' lang='grc' dir='ltr'><strong><em>ἔστιν</em></strong></span> <span class='ocrx_word' id='word_1_306' title='bbox 648 3879 788 3967; x_wconf 80' lang='grc' dir='ltr'>ἀληθές,</span> <span class='ocrx_word' id='word_1_307' title='bbox 814 3883 900 3946; x_wconf 89' lang='lat' dir='ltr'>inter</span> <span class='ocrx_word' id='word_1_308' title='bbox 922 3877 1179 3970; x_wconf 72' lang='grc' dir='ltr'><strong><em>ἀκριβεστέρους</em></strong></span> 
     </span>
     <span class='ocr_line' id='line_1_36' title="bbox 72 3983 1230 4075; baseline 0.001 -27"><span class='ocrx_word' id='word_1_309' title='bbox 72 3983 220 4050; x_wconf 87' lang='lat' dir='ltr'>laudatus</span> <span class='ocrx_word' id='word_1_310' title='bbox 243 3986 375 4052; x_wconf 80' lang='lat' dir='ltr'>eschol.</span> <span class='ocrx_word' id='word_1_311' title='bbox 391 3986 566 4075; x_wconf 89' lang='lat' dir='ltr'>adVespp.</span> <span class='ocrx_word' id='word_1_312' title='bbox 582 3990 655 4052; x_wconf 87' lang='grc'>737.</span> <span class='ocrx_word' id='word_1_313' title='bbox 694 3984 849 4070; x_wconf 88' lang='lat' dir='ltr'>Suspicor</span> <span class='ocrx_word' id='word_1_314' title='bbox 869 3985 940 4070; x_wconf 89' lang='lat' dir='ltr'>ipse</span> <span class='ocrx_word' id='word_1_315' title='bbox 958 3986 1122 4072; x_wconf 88' lang='lat' dir='ltr'>Didymus</span> <span class='ocrx_word' id='word_1_316' title='bbox 1144 3988 1178 4049; x_wconf 90' lang='lat' dir='ltr'>in</span> <span class='ocrx_word' id='word_1_317' title='bbox 1229 4021 1230 4025; x_wconf 61' lang='lat'><em>=</em></span> 
     </span>
     <span class='ocr_line' id='line_1_37' title="bbox 29 4084 1178 4174; baseline 0.003 -27"><span class='ocrx_word' id='word_1_318' title='bbox 29 4103 34 4116; x_wconf 84' lang='lat'><em>&#39;</em></span> <span class='ocrx_word' id='word_1_319' title='bbox 72 4084 173 4152; x_wconf 82' lang='lat' dir='ltr'>lexico</span> <span class='ocrx_word' id='word_1_320' title='bbox 195 4088 331 4154; x_wconf 86' lang='lat' dir='ltr'>comico.</span> <span class='ocrx_word' id='word_1_321' title='bbox 355 4089 410 4153; x_wconf 88' lang='lat' dir='ltr'>Sic</span> <span class='ocrx_word' id='word_1_322' title='bbox 432 4090 516 4156; x_wconf 89' lang='lat' dir='ltr'>enim</span> <span class='ocrx_word' id='word_1_323' title='bbox 538 4087 658 4153; x_wconf 85' lang='lat' dir='ltr'>refutat</span> <span class='ocrx_word' id='word_1_324' title='bbox 672 4087 836 4174; x_wconf 90' lang='lat' dir='ltr'>Didymus</span> <span class='ocrx_word' id='word_1_325' title='bbox 858 4088 1057 4173; x_wconf 86' lang='lat' dir='ltr'>antiquiores</span> <span class='ocrx_word' id='word_1_326' title='bbox 1073 4109 1178 4171; x_wconf 88' lang='lat' dir='ltr'>gram-</span> 
     </span>
     <span class='ocr_line' id='line_1_38' title="bbox 65 4178 1178 4275; baseline 0 -23"><span class='ocrx_word' id='word_1_327' title='bbox 65 4179 217 4273; x_wconf 78' lang='grc' dir='ltr'>00600ος</span> <span class='ocrx_word' id='word_1_328' title='bbox 242 4188 286 4254; x_wconf 88' lang='grc'>01.</span> <span class='ocrx_word' id='word_1_329' title='bbox 318 4190 418 4254; x_wconf 91' lang='lat' dir='ltr'>schol.</span> <span class='ocrx_word' id='word_1_330' title='bbox 440 4191 515 4256; x_wconf 87' lang='lat' dir='ltr'>Par.</span> <span class='ocrx_word' id='word_1_331' title='bbox 540 4190 582 4256; x_wconf 92' lang='lat' dir='ltr'>ad</span> <span class='ocrx_word' id='word_1_332' title='bbox 603 4190 713 4275; x_wconf 84' lang='lat' dir='ltr'>Apoll.</span> <span class='ocrx_word' id='word_1_333' title='bbox 744 4188 807 4252; x_wconf 88' lang='lat' dir='ltr'>Rh.</span> <span class='ocrx_word' id='word_1_334' title='bbox 839 4188 855 4250; x_wconf 93' lang='grc' dir='ltr'>Ι</span> <span class='ocrx_word' id='word_1_335' title='bbox 885 4178 950 4250; x_wconf 87' lang='grc'>972</span> <span class='ocrx_word' id='word_1_336' title='bbox 976 4195 999 4250; x_wconf 92' lang='grc'>1.</span> <span class='ocrx_word' id='word_1_337' title='bbox 1022 4187 1056 4250; x_wconf 92' lang='grc' dir='ltr'>ΙΙ</span> <span class='ocrx_word' id='word_1_338' title='bbox 1083 4210 1114 4273; x_wconf 92' lang='lat' dir='ltr'>p.</span> <span class='ocrx_word' id='word_1_339' title='bbox 1139 4191 1178 4252; x_wconf 88' lang='lat'>78</span> 
     </span>
    </p>
   </div>
   <div class='ocr_carea' id='block_1_4' title="bbox 120 4289 972 4360">
    <p class='ocr_par' dir='ltr' id='par_1_5' title="bbox 120 4289 972 4360">
     <span class='ocr_line' id='line_1_39' title="bbox 120 4289 972 4360; baseline 0.008 -6"><span class='ocrx_word' id='word_1_340' title='bbox 120 4315 281 4356; x_wconf 79' lang='lat' dir='ltr'>moruus.</span> <span class='ocrx_word' id='word_1_341' title='bbox 897 4353 899 4360; x_wconf 60' lang='lat'>.</span> <span class='ocrx_word' id='word_1_342' title='bbox 953 4289 972 4347; x_wconf 82' lang='lat'>5</span> 
     </span>
    </p>
   </div>
   <div class='ocr_carea' id='block_1_5' title="bbox 0 0 1414 4868">
    <p class='ocr_par' dir='ltr' id='par_1_6' title="bbox 0 0 1414 4868">
     <span class='ocr_line' id='line_1_40' title="bbox 0 0 1414 4868; baseline 0 0"><span class='ocrx_word' id='word_1_343' title='bbox 0 0 1414 4868; x_wconf 95' lang='lat' dir='ltr'> </span> 
     </span>
    </p>
   </div>
  </div>
 </body>
</html>
