2858 4882
229 379 291 442 390

234 553 413 627 νπεροχαῑς
438 539 499 628 (sic
520 539 637 621 Stura,
665 539 736 603 cod.
766 535 803 601 ἐν
825 547 893 612 τοῖς
914 530 988 623 ὑπ.)
1017 530 1057 600 τδι
1084 532 1202 618 νενικδι
1232 533 1349 602 καὶτὰ

234 638 341 711 εἰδικόι
366 643 452 730 (οοδ.
476 636 582 726 ἰδικό,
612 661 695 705 corr.
718 637 779 723 id.)
801 639 854 701 καί
880 633 920 702 τόι
941 635 1044 721 κύρια
1065 632 1234 722 ὀνόματα,
1264 633 1349 704 ῶστε

234 744 279 832 μὴ
303 741 573 829 προστιθεμένου
600 743 662 806 τοῦ
692 741 820 803 εἰδικοῦ
849 732 914 802 clud
941 742 1003 803 τοῦ
1031 744 1171 822 νενικοῦ
1193 749 1349 806 νοεῖσθαι

235 848 279 928 τό,
293 845 421 916 εἰδικόν
445 843 531 934 (cod.
555 841 691 927 ἰδικόν),
715 834 758 917 ῶς
782 839 834 904 ἐπὶ
851 835 1016 925 Ὀμήρου·
1040 839 1183 925 ποιητὴν
1203 839 1268 926 γὰρ
1286 839 1349 908 αὕ-

235 947 294 1018 τόν
308 953 439 1026 εἰδικῶς
450 946 602 1030 λέγομεν,
615 942 670 1008 καί
684 949 783 1007 θεῖον
800 937 881 1007 όταν
899 943 1048 1026 λέγωμεν
1066 943 1154 1029 (οοδ.
1167 944 1239 1030 ομ),
1257 947 1349 1022 ἰδίως

110 1074 114 1082 ’
235 1050 295 1120 τόν
317 1047 523 1135 ὑπερέχοντα
545 1048 693 1128 νοοῦμεν
714 1042 767 1107 ἐπὶ
789 1047 851 1108 τοῦ
873 1048 992 1108 κοινοῦ
1013 1038 1069 1107 διὰ
1083 1040 1145 1127 τὴν
1163 1039 1346 1128 ὑπεροχήν.

235 1149 325 1219 οὕτω
348 1153 403 1218 καί
425 1147 536 1234 ὕμνον
560 1149 651 1221 ἰδίως
673 1146 814 1228 λέγομεν
837 1141 893 1210 διὰ
916 1141 977 1228 την
1000 1143 1187 1229 σεμνότητα
1211 1145 1266 1210 καί
1290 1170 1348 1212 πε-

235 1255 358 1338 ριττῶν
381 1250 485 1339 (vulg.
509 1247 584 1330 περὶ
607 1246 688 1333 τῶν)
716 1241 827 1310 ἄλλων
856 1241 966 1330 ὕμνον
989 1242 1109 1312 όντων.
1156 1248 1275 1335 (Vides
1295 1248 1348 1313 ho-

234 1354 488 1434 moeoteleuton,
517 1349 604 1438 quod
632 1349 759 1431 dicunt,
787 1371 936 1414 caussam
958 1367 1045 1433 esse,
1078 1372 1135 1413 our
1157 1349 1348 1414 lacunosum

235 1455 412 1520 habeamus
434 1462 477 1517 ct.
499 1451 557 1536 m.)
590 1448 786 1534 κεχώρισται
815 1448 852 1516 δὲ
875 1454 943 1515 τῶν
970 1453 1162 1534 προσοδίων
1187 1448 1242 1514 καὶ
1268 1449 1349 1515 κατὰ

235 1553 334 1620 τοῦτό
357 1554 442 1617 ἐστι·
465 1548 585 1635 τὰμὲν
599 1550 775 1635 προσόδια,
797 1547 888 1619 καθὰ
908 1551 964 1617 καὶ
977 1552 1132 1634 κέκληται
1148 1551 1348 1636 προσιόντες

129 1673 130 1676 ’
235 1653 300 1720 κτὲ.
347 1654 399 1719 Cf.
428 1654 534 1718 Procl.
565 1675 617 1740 ap.
642 1653 736 1718 Phot.
765 1657 904 1737 320,15
935 1653 985 1718 ed.
1014 1652 1124 1717 Bekk.
1161 1654 1279 1742 [schol.
1308 1657 1348 1721 V.

236 1758 334 1822 Hom.
357 1755 396 1818 11.
420 1759 455 1818 N
473 1757 561 1844 ειη.
643 1819 644 1822 ¹

772 1862 803 1920 4.

319 1975 372 2038 Et.
393 1998 435 2038 m.
460 1978 531 2057 690,
548 1978 587 2039 35
611 1977 802 2061 accoeperit
807 1997 849 2039 αι
869 1971 946 2059 (sic)
971 1968 1061 2054 παρόι
1083 1967 1120 2035 τό
1144 1970 1349 2053 προσιόντας

234 2088 328 2154 ναοῖς
350 2069 370 2160 ἦ
393 2081 518 2161 βωμοῖς
541 2071 624 2156 πρός
646 2072 753 2140 αὐλόν
775 2070 881 2161 ᾄδειν.
906 2067 960 2138 διὰ
983 2071 1061 2158 (leg.
1079 2067 1348 2140 ἀντιδιαστέλλε-

235 2202 306 2262 ται,
343 2178 430 2265 quod
458 2175 655 2242 vocabulum
686 2177 784 2240 etiam
817 2174 983 2261 Hesychio
1018 2173 1034 2236 I
1066 2197 1098 2260 p.
1128 2177 1190 2237 677
1220 2179 1349 2241 restitui

236 2279 334 2366 Soph.
361 2279 401 2342 Ο.
421 2278 459 2341 Τ.
487 2278 563 2361 723)
591 2275 627 2339 δὲ
651 2279 719 2339 τῶν
744 2273 881 2361 ὕμνων,
916 2270 967 2340 ότι
996 2270 1076 2352 τούς
1104 2269 1238 2358 ὕμνους
1265 2275 1348 2361 πρός

235 2377 383 2463 κιθάραν
411 2376 548 2454 ἑστῶτες
577 2372 730 2463 ᾅδουσιν.
775 2374 864 2442 οὕτω
891 2378 1080 2458 Δίδυμος
1101 2376 1146 2439 ἐν
1176 2379 1229 2462 τῷ
1253 2377 1347 2461 περὶ

234 2484 421 2562 λυρικῶν
443 2481 641 2561 ποιητῶν.

772 2651 802 2710 5.

317 2768 372 2831 Et.
390 2765 477 2831 Gud.
494 2768 566 2848 446,
579 2768 616 2826 51
643 2767 829 2840 παιᾶνες·
854 2759 945 2846 παρὰ
960 2758 997 2828 τό
1014 2759 1131 2827 παύσω
1151 2760 1275 2830 παύων
1292 2768 1346 2831 καί

233 2864 317 2934 κατὰ
338 2861 467 2949 τροπὴν
487 2869 549 2929 τοῦ
569 2889 591 2928 υ
614 2867 659 2941 εἰς
682 2889 703 2929 ι.
738 2863 792 2928 καὶ
813 2859 920 2940 οὕτως
943 2858 960 2929 ὁ
980 2865 1178 2947 Δίδυμος.
1226 2867 1280 2932 Of.
1304 2879 1345 2932 et.

232 2993 275 3034 m.
299 2974 371 3052 657,
392 2973 410 3032 3
434 2965 541 3032 Prool.
562 2990 593 3052 p.
617 2969 688 3049 320,
710 2969 760 3029 21.
1149 2975 1150 2978 ’

316 3069 380 3134 Tot
401 3070 503 3153 igitur
531 3067 594 3132 loci
627 3073 817 3151 supersunt,
849 3066 882 3128 in
916 3066 1034 3152 quibus
1057 3065 1215 3153 Didymei
1239 3072 1346 3157 operis

232 3169 308 3252 περὶ
331 3172 482 3251 λυρικῶν
505 3169 653 3252 ποιητῶν
676 3167 846 3252 compositi
866 3167 1024 3230 memoria
1045 3167 1132 3230 lacta
1152 3179 1217 3253 cst,
1238 3173 1345 3236 tenuis

231 3271 289 3336 illa
314 3269 461 3355 profecto
484 3277 581 3354 atquc
603 3266 761 3331 oblivioni
782 3268 941 3353 proxima,
965 3269 992 3329 si
1015 3269 1087 3353 quis
1109 3271 1345 3357 investigandi,

232 3394 316 3458 quae
336 3367 438 3434 oculis
465 3391 537 3432 sese
559 3368 653 3455 quasi
673 3365 877 3449 subtrahunt,
901 3370 1043 3454 vestigia
1064 3392 1164 3455 opera
1185 3371 1295 3437 fessus
1312 3375 1346 3436 in

230 3475 281 3538 his
304 3470 512 3559 acquiescere
535 3468 727 3552 fragmentis
749 3469 828 3530 satis
846 3466 1008 3533 habuerit.
1053 3471 1099 3533 At
1121 3470 1230 3536 Procli
1255 3474 1345 3538 chre-

231 3573 437 3639 stomathiam
475 3572 720 3656 grammaticam
758 3592 831 3633 oum
868 3569 1015 3656 reliquiis
1048 3571 1224 3658 Didymeis
1258 3574 1346 3660 apud

230 3678 385 3742 Orionem
407 3672 612 3754 Thebanum,
636 3669 745 3734 Procli
767 3678 849 3734 teste
873 3669 999 3737 Marino
1022 3674 1080 3737 vit.
1105 3674 1159 3737 Pr.
1182 3696 1211 3737 o.
1236 3676 1255 3737 8
1279 3697 1345 3738 ma-

229 3780 378 3863 gistrum,
401 3775 540 3839 servatis
559 3771 613 3837 vel
636 3771 740 3836 obiter
759 3773 1021 3858 comparantibus
1041 3774 1135 3838 nobis
1153 3796 1220 3839 non
1236 3757 1345 3863 potest

228 3879 415 3965 nonprimo
439 3862 548 3938 statim
570 3873 690 3935 intuitu
711 3895 746 3936 se
770 3871 954 3958 obtrudere,
976 3898 1060 3962 quae
1077 3877 1162 3939 inter
1173 3878 1345 3963 utriusque

227 3980 349 4067 placita
369 3974 551 4057 intercedit,
574 3973 751 4039 similitudo
772 3983 839 4038 tam
861 3978 943 4040 mira
959 3999 997 4040 ca
1010 3987 1142 4063 tamque
1157 3976 1344 4058 manifesta,

228 4090 264 4144 ut
290 4079 393 4142 nostri
423 4073 498 4159 περὶ
527 4080 676 4158 ποιητῶν
705 4085 879 4140 tractatum
907 4078 1097 4163 primarium
1129 4086 1228 4163 atque
1260 4078 1342 4142 adeo

228 4182 358 4243 unicum
381 4200 447 4243 non
467 4177 562 4241 modo
582 4177 696 4241 Orioni
719 4179 752 4240 in
771 4176 850 4241 locis
866 4178 1009 4264 aliquam
1022 4178 1142 4260 multis,
1165 4178 1342 4242 sedetiam

228 4278 345 4342 Proolo
376 4277 480 4364 Lycio
515 4281 548 4342 in
585 4279 710 4344 duobus
744 4280 907 4367 prioribus
942 4278 1215 4346 chrestomathiac
1247 4278 1341 4342 libris
