2812 4868
205 369 247 426 54

207 531 382 618 κωμῳδίας
416 528 649 611 παραθέμενος
676 523 715 594 τὰ
749 525 983 612 Φερεκράτους
1017 526 1071 594 καὶ
1100 521 1206 605 αὐτὰς
1236 523 1324 594 εἷναί

205 649 288 716 φησι
310 631 407 715 γένος
429 630 565 706 κύλικος
584 626 646 713 τὴν
670 625 846 714 λεπαστήν.
872 631 952 698 Hes.
976 631 1089 696 11450
1117 629 1318 715 λεπαστή·

206 733 312 811 κύλιξ.
346 733 381 797 ΙΙ
409 737 468 797 451
500 735 700 810 ’λειταστίς
734 732 790 818 (Α.
822 731 950 798 Nauck.
984 734 1043 798 Ar.
1074 734 1156 820 Byz.
1191 756 1223 818 p.
1259 737 1318 798 221

205 859 238 900 n.
262 839 299 900 61
337 856 422 900 oorr.
453 829 649 918 λεκαστής)·
684 830 819 916 οίνοχόη
841 833 895 898 καλ
922 827 1010 911 εἶδος
1037 829 1184 911 κύλικος.
1229 835 1322 900 Haeo

206 937 342 1024 apposui
363 935 479 1019 magis,
501 956 543 998 ne
565 934 644 1021 quid
666 935 781 1000 deesse
804 935 980 1017 videretur,
1000 957 1097 1022 quam
1113 936 1200 1023 quod
1216 937 1320 1002 in'his

206 1038 344 1128 Didymi
369 1037 588 1120 fragmentum
610 1034 712 1100 latere
733 1044 891 1123 putarem.
918 1036 1013 1101 Prior
1034 1038 1120 1102 enim
1142 1036 1254 1121 glossa
1265 1037 1321 1102 Ni-

206 1139 373 1221 oandrum‚
396 1136 540 1202 secunda
559 1137 727 1202 Ameriam
745 1137 968 1228 Macedonem,
991 1139 1088 1202 tertia
1106 1148 1237 1224 praeter
1255 1139 1321 1226 Ly-

205 1239 403 1326 oophronem
424 1237 662 1325 Apollodorum
685 1237 783 1302 etiam
804 1245 901 1324 atque
919 1240 1174 1326 Aristophanem
1191 1240 1320 1327 Byzan·

204 1342 286 1404 tium
308 1339 407 1404 habet
428 1347 587 1405 auctores.
618 1337 695 1402 Vid.
719 1337 827 1402 Rank.
846 1338 886 1404 de
909 1339 1054 1427 Hesyoh.
1076 1364 1107 1427 p.
1132 1345 1188 1406 161
1209 1342 1319 1429 Heyn.

205 1439 314 1526 Apoll.
338 1440 386 1504 IV
408 1463 440 1526 p.
469 1443 547 1504 1167
569 1437 698 1504 Nauck.
721 1439 780 1502 Ar.
804 1439 886 1526 Bya.
909 1464 942 1527 p.
963 1445 1034 1507 220.
1064 1442 1252 1508 Notandum
1273 1453 1319 1508 ta·
1345 1519 1347 1522 Ι

205 1563 283 1605 τηου,
302 1543 337 1605 in
350 1541 444 1606 Phot.
468 1543 539 1623 215,
562 1545 575 1604 1
600 1541 694 1604 citari
717 1545 880 1606 Cratinum.
908 1543 999 1607 Fieri
1017 1544 1117 1629 igitur
1138 1553 1261 1630 potest,
1284 1545 1320 1610 ut

205 1644 368 1732 Didymus
391 1665 519 1731 qnoque
539 1642 734 1709 vocabulum
756 1642 903 1728 λεπαστή
927 1645 1006 1732 quid
1029 1647 1070 1710 sit
1092 1648 1275 1734 explicarit.

290 1745 389 1810 Teste
415 1744 565 1809 Eustath.
596 1747 673 1826 782,
703 1747 743 1808 52
778 1745 818 1810 de
849 1747 1025 1832 proverbio
1054 1741 1152 1831 Ἀρχὴ
1185 1753 1318 1828 Σκνοία

206 1849 337 1914 dixerat
353 1846 539 1936 Lycophro.
577 1846 617 1910 In
638 1846 783 1933 Hesyoh.
808 1847 906 1916 1563
928 1848 1121 1914 exciderunt
1147 1872 1232 1936 quae
1254 1852 1318 1938 Ly-

206 1950 327 2036 oophro
346 1949 503 2014 narravit.
734 1991 737 1996 -
1190 1973 1192 1976 ·
1294 1987 1297 1992 ·

289 2051 319 2116 E
342 2052 504 2116 contrario
526 2051 705 2139 Didymum
728 2051 858 2137 sapiunt
885 2072 968 2137 quae
996 2051 1095 2118 habet
1119 2051 1265 2136 Hesyoh.
1284 2052 1319 2116 Η

209 2157 290 2221 1682
312 2149 480 2230 adarca&
509 2150 660 2240 (αυττιίξ
682 2153 802 2218 accinit
823 2153 1023 2246 Winokelm.
1045 2176 1064 2218 e
1082 2154 1153 2220 ood.
1173 2154 1317 2239 Bodlei.)

206 2252 243 2322 τὸ
265 2259 332 2323 νῦν
351 2254 479 2348 βόμβαξ
503 2253 686 2339 λεγόμενον
708 2250 845 2332 asiarco}
866 2257 994 2338 ἔλεγον,
1017 2249 1062 2332 ὡς
1083 2254 1319 2340 Λυκόφρων

207 2353 314 2446 ᾠήθη.
345 2350 424 2422 οὐκ
455 2357 545 2422 ἔστι
570 2355 622 2422 δέ.
650 2355 688 2422 τό
709 2353 771 2440 μὲν
800 2350 863 2439 γὰρ
885 2356 1014 2441 βόμβοιξ
1036 2361 1165 2422 τίθεται
1188 2355 1244 2422 καὶ
1267 2355 1318 2421 ἐντὶ

206 2461 427 2542 σχετλιασμοῠ
449 2460 504 2523 καλ
527 2457 579 2523 ἐπὶ
602 2459 754 2543 γέλωτος,
778 2455 814 2522 τό
839 2458 875 2523 δὲ
898 2456 1034 2536 αύτταξ
1053 2452 1136 2541 οὐχί.
1169 2459 1222 2528 Of.
1236 2457 1316 2525 Hes.

206 2563 241 2628 II
258 2565 336 2627 1350
352 2557 539 2643 φύιτκαξ·
555 2555 639 2643 ὄντες
654 2555 748 2645 ἡμεῖς
764 2559 902 2645 βόμβαξ.
926 2560 1051 2630 Eadem
1068 2562 1191 2627 habent
1203 2563 1317 2628 soholl.

205 2667 247 2731 ad
267 2664 351 2730 Plat.
375 2663 519 2751 Euthyd.
547 2687 579 2749 p.
603 2665 709 2729 303Α
740 2662 850 2751 Steph.
879 2664 944 2727 nisi
972 2665 1058 2750 quod
1084 2686 1143 2751 pro
1172 2662 1317 2746 γέλωτος

206 2766 363 2832 exhibent
383 2765 567 2849 ἐγκωμίου,
597 2767 655 2851 pr‘o
679 2763 817 2842 αύτταξ
839 2766 984 2830 τίθεται·
1014 2761 1143 2850 βόμβαξ
1164 2788 1193 2830 τ.
1218 2776 1252 2831 et
1272 2768 1318 2831 sio

204 2870 277 2934 vioe
297 2889 408 2949 versa,
438 2867 526 2953 quod
546 2889 661 2932 verum
682 2867 814 2932 videtur
835 2867 909 2932 coll.
933 2867 1026 2934 Phot.
1050 2872 1122 2949 475,
1149 2872 1186 2931 15
1214 2869 1318 2956 Phry-

178 3003 179 3006 *
205 2969 291 3034 nioh.
319 2968 428 3033 Beldr.
457 2991 489 3054 p.
514 2971 569 3052 69,
593 2975 622 3035 7.
669 2969 835 3035 Observes
865 2969 965 3033 velim
994 2970 1187 3038 correctoris
1208 2980 1318 3036 notam

204 3071 502 3157 frequentissimam
524 3065 588 3135 οὐκ
608 3073 677 3136 ἔστι
700 3069 747 3156 ds',
770 3094 852 3158 quae
870 3071 973 3137 verba
987 3073 1155 3159 sequentia
1172 3083 1227 3138 aut
1239 3073 1318 3138 Era·

205 3171 389 3238 tosthenem
410 3178 466 3236 aut
486 3171 667 3259 Didymum
689 3172 811 3238 habere
832 3182 1001 3260 parentem
1021 3175 1178 3258 coarguit.

291 3271 395 3338 Multo
423 3272 540 3338 laetior
570 3275 835 3340 observationum
865 3298 959 3361 seges
991 3277 1025 3340 in
1058 3275 1317 3344 Eratostheniois

206 3377 294 3444 arvis
324 3375 588 3440 foecundissimis
613 3385 773 3464 prognata
808 3378 975 3464 Didymea
1009 3377 1126 3442 horrea
1158 3379 1316 3465 implevit.

206 3477 391 3563 Hesychius
408 3479 522 3542 novies
537 3477 601 3564 ipsi
613 3477 787 3542 denunciat
801 3480 1022 3544 testimonium
1039 3479 1108 3543 166
1124 3500 1150 3542 s.
1163 3503 1196 3544 v.
1210 3474 1317 3563 ἄγρη-

205 3574 267 3642 νόν
288 3579 306 3642 I
329 3569 389 3643 237
416 3572 540 3646 ἄλκεόν
564 3579 580 3643 Ι
604 3583 665 3644 700
686 3581 899 3665 fduoattdogl
922 3584 1001 3644 1558
1022 3577 1170 3662 ἐφωθιον
1191 3581 1209 3644 Ι
1236 3586 1316 3648 1695

206 3674 448 3763 ἡθυντῆρεςΙΙ
465 3685 522 3746 194
541 3681 868 3768 κατειλυσπωμένην.
890 3683 925 3747 ΙΙ
940 3688 1000 3748 654
1024 3681 1317 3768 ναρθηκοπλήρω-

206 3806 273 3846 τον.
295 3782 330 3846 ΙΙ
344 3786 403 3848 861
424 3777 504 3868 παρ’
520 3787 682 3868 Αίγείρου
694 3783 768 3852 θέα.
784 3785 820 3849 ΙΙ
835 3788 912 3850 1121
927 3780 1055 3850 Ῥοίκου
1072 3789 1315 3870 κοιθοιτομττία.

290 3884 340 3950 Ao
369 3885 409 3950 de
438 3886 509 3952 loeo
532 3887 567 3951 ΙΙ
593 3891 650 3952 194
676 3888 818 3954 maximo
837 3887 1042 3954 memorabili
1080 3886 1242 3974 nobisque
1273 3888 1319 3952 fa-

204 3995 302 4051 vente
329 3987 482 4054 diximus.
528 3989 557 4052 E
587 3990 723 4076 reliquis
751 3990 833 4058 nihil
858 3999 1005 4056 'nostram
1028 3991 1063 4054 in
1088 4007 1156 4054 rem
1184 3989 1265 4054 facit
1283 3990 1318 4054 H

205 4093 266 4154 654
296 4111 363 4154 vox
383 4089 570 4178 Aeschyleo
593 4091 718 4178 (Prom.
746 4093 819 4178 199)
851 4101 971 4177 ναρθ,
1000 4095 1036 4156 in
1062 4093 1153 4160 cuius
1176 4094 1317 4177 gratiam

202 4213 318 4255 versus
349 4215 391 4256 ex
417 4192 563 4278 Erigone
592 4193 743 4259 laudatur
769 4195 896 4261 adiecto
925 4206 1040 4283 poetae
1064 4195 1195 4260 nomine
1225 4194 1316 4281 (eoll.

203 4289 326 4357 Osann.
356 4293 397 4358 de
425 4294 590 4360 Eratosth.
621 4295 757 4380 Erigon.
787 4321 819 4385 p.
847 4301 891 4362 16,
908 4299 984 4385 sq.).
1029 4297 1143 4386 Neque
1166 4298 1209 4364 ad
1231 4297 1316 4365 hano
