<?xml version="1.0" encoding="UTF-8"?>
<!DOCTYPE html PUBLIC "-//W3C//DTD XHTML 1.0 Transitional//EN"
    "http://www.w3.org/TR/xhtml1/DTD/xhtml1-transitional.dtd">
<html xmlns="http://www.w3.org/1999/xhtml" xml:lang="en" lang="en">
 <head>
  <title>
</title>
<meta http-equiv="Content-Type" content="text/html;charset=utf-8" />
  <meta name='ocr-system' content='tesseract 3.04.00' />
  <meta name='ocr-capabilities' content='ocr_page ocr_carea ocr_par ocr_line ocrx_word'/>
</head>
<body>
  <div class='ocr_page' id='page_1' title='image "./didymichalcente01schmgoog_0371.png"; bbox 0 0 2866 4882; ppageno 0'>
   <div class='ocr_carea' id='block_1_1' title="bbox 242 367 305 430">
    <p class='ocr_par' dir='ltr' id='par_1_1' title="bbox 242 367 305 430">
     <span class='ocr_line' id='line_1_1' title="bbox 242 367 305 430; baseline -0.032 0"><span class='ocrx_word' id='word_1_1' title='bbox 242 367 305 430; x_wconf 85' lang='grc'><strong>352</strong></span> 
     </span>
    </p>
   </div>
   <div class='ocr_carea' id='block_1_2' title="bbox 238 525 1363 1127">
    <p class='ocr_par' dir='ltr' id='par_1_2' title="bbox 239 525 1363 728">
     <span class='ocr_line' id='line_1_2' title="bbox 239 525 1363 624; baseline 0.009 -27"><span class='ocrx_word' id='word_1_2' title='bbox 239 535 361 617; x_wconf 79' lang='grc' dir='ltr'><strong><em>χρῆσιν</em></strong></span> <span class='ocrx_word' id='word_1_3' title='bbox 373 532 406 610; x_wconf 79' lang='grc' dir='ltr'><strong>ἐξ</strong></span> <span class='ocrx_word' id='word_1_4' title='bbox 415 525 675 617; x_wconf 76' lang='grc' dir='ltr'><strong><em>Ἐρατοσθένους</em></strong></span> <span class='ocrx_word' id='word_1_5' title='bbox 686 537 748 599; x_wconf 83' lang='grc' dir='ltr'><strong>τοῦ</strong></span> <span class='ocrx_word' id='word_1_6' title='bbox 760 535 822 622; x_wconf 86' lang='grc'>(616</span> <span class='ocrx_word' id='word_1_7' title='bbox 834 535 895 600; x_wconf 88' lang='lat' dir='ltr'><strong>RV</strong></span> <span class='ocrx_word' id='word_1_8' title='bbox 905 529 942 599; x_wconf 90' lang='grc' dir='ltr'>τό</span> <span class='ocrx_word' id='word_1_9' title='bbox 954 534 1000 621; x_wconf 90' lang='grc' dir='ltr'><strong>Α)</strong></span> <span class='ocrx_word' id='word_1_10' title='bbox 1010 528 1277 624; x_wconf 78' lang='grc' dir='ltr'><strong><em>Ἀλεξανδρίτης.</em></strong></span> <span class='ocrx_word' id='word_1_11' title='bbox 1300 540 1363 608; x_wconf 87' lang='lat' dir='ltr'><strong>Lo-</strong></span> 
     </span>
     <span class='ocr_line' id='line_1_3' title="bbox 240 633 1361 728; baseline 0.007 -28"><span class='ocrx_word' id='word_1_12' title='bbox 240 657 314 700; x_wconf 85' lang='lat' dir='ltr'><strong>cum</strong></span> <span class='ocrx_word' id='word_1_13' title='bbox 329 633 492 722; x_wconf 75' lang='lat' dir='ltr'>Cyrenaei</span> <span class='ocrx_word' id='word_1_14' title='bbox 509 635 543 699; x_wconf 92' lang='lat' dir='ltr'><strong>in</strong></span> <span class='ocrx_word' id='word_1_15' title='bbox 559 636 767 722; x_wconf 89' lang='lat' dir='ltr'><strong>Bernhardyi</strong></span> <span class='ocrx_word' id='word_1_16' title='bbox 780 635 1039 701; x_wconf 85' lang='lat' dir='ltr'><strong>Eratosthenicis</strong></span> <span class='ocrx_word' id='word_1_17' title='bbox 1055 637 1181 704; x_wconf 87' lang='lat' dir='ltr'><strong>frustra</strong></span> <span class='ocrx_word' id='word_1_18' title='bbox 1196 643 1361 728; x_wconf 87' lang='lat' dir='ltr'><strong>quaesivi.</strong></span> 
     </span>
    </p>

    <p class='ocr_par' dir='ltr' id='par_1_3' title="bbox 238 736 1361 1127">
     <span class='ocr_line' id='line_1_4' title="bbox 324 736 1361 827; baseline 0.01 -28"><span class='ocrx_word' id='word_1_19' title='bbox 324 736 450 800; x_wconf 92' lang='lat' dir='ltr'><strong>Horum</strong></span> <span class='ocrx_word' id='word_1_20' title='bbox 475 747 723 823; x_wconf 86' lang='lat' dir='ltr'><strong>praeceptorum</strong></span> <span class='ocrx_word' id='word_1_21' title='bbox 744 759 809 823; x_wconf 91' lang='lat' dir='ltr'><strong>quo</strong></span> <span class='ocrx_word' id='word_1_22' title='bbox 830 736 970 801; x_wconf 82' lang='lat' dir='ltr'><strong>referam</strong></span> <span class='ocrx_word' id='word_1_23' title='bbox 996 740 1132 804; x_wconf 82' lang='lat' dir='ltr'><strong>tertium</strong></span> <span class='ocrx_word' id='word_1_24' title='bbox 1152 765 1222 807; x_wconf 90' lang='lat' dir='ltr'><strong>non</strong></span> <span class='ocrx_word' id='word_1_25' title='bbox 1243 742 1361 827; x_wconf 85' lang='lat' dir='ltr'><strong>habeo,</strong></span> 
     </span>
     <span class='ocr_line' id='line_1_5' title="bbox 238 837 1361 930; baseline 0.007 -28"><span class='ocrx_word' id='word_1_26' title='bbox 238 839 379 926; x_wconf 87' lang='lat' dir='ltr'><strong>primum</strong></span> <span class='ocrx_word' id='word_1_27' title='bbox 406 838 554 924; x_wconf 90' lang='lat' dir='ltr'><strong>suspicor</strong></span> <span class='ocrx_word' id='word_1_28' title='bbox 584 837 784 924; x_wconf 82' lang='lat' dir='ltr'><strong>Stephanum</strong></span> <span class='ocrx_word' id='word_1_29' title='bbox 812 860 839 902; x_wconf 92' lang='lat' dir='ltr'><strong>e·</strong></span> <span class='ocrx_word' id='word_1_30' title='bbox 857 842 1088 906; x_wconf 88' lang='lat' dir='ltr'><strong>commentario</strong></span> <span class='ocrx_word' id='word_1_31' title='bbox 1117 841 1231 930; x_wconf 91' lang='lat' dir='ltr'><strong>aliquo</strong></span> <span class='ocrx_word' id='word_1_32' title='bbox 1253 844 1361 910; x_wconf 87' lang='lat' dir='ltr'><strong>rheto-</strong></span> 
     </span>
     <span class='ocr_line' id='line_1_6' title="bbox 238 938 1359 1033; baseline 0.006 -29"><span class='ocrx_word' id='word_1_33' title='bbox 238 941 316 1022; x_wconf 91' lang='lat' dir='ltr'><strong>rioo,</strong></span> <span class='ocrx_word' id='word_1_34' title='bbox 340 938 519 1005; x_wconf 81' lang='lat' dir='ltr'><strong>secundum</strong></span> <span class='ocrx_word' id='word_1_35' title='bbox 544 962 587 1004; x_wconf 85' lang='lat' dir='ltr'><strong>ex</strong></span> <span class='ocrx_word' id='word_1_36' title='bbox 607 939 857 1028; x_wconf 87' lang='lat' dir='ltr'><strong>hypomnemate</strong></span> <span class='ocrx_word' id='word_1_37' title='bbox 878 939 913 1004; x_wconf 92' lang='lat' dir='ltr'><strong>in</strong></span> <span class='ocrx_word' id='word_1_38' title='bbox 934 942 1094 1006; x_wconf 91' lang='lat' dir='ltr'><strong>comicum</strong></span> <span class='ocrx_word' id='word_1_39' title='bbox 1115 941 1263 1031; x_wconf 76' lang='lat' dir='ltr'><strong>aliquem</strong></span> <span class='ocrx_word' id='word_1_40' title='bbox 1285 967 1359 1033; x_wconf 76' lang='lat' dir='ltr'><strong>poe</strong></span> 
     </span>
     <span class='ocr_line' id='line_1_7' title="bbox 238 1037 971 1127; baseline 0.005 -22"><span class='ocrx_word' id='word_1_41' title='bbox 238 1050 305 1106; x_wconf 89' lang='lat' dir='ltr'><strong>tam</strong></span> <span class='ocrx_word' id='word_1_42' title='bbox 327 1041 602 1127; x_wconf 84' lang='lat' dir='ltr'><strong>transscripsisse.</strong></span> <span class='ocrx_word' id='word_1_43' title='bbox 969 1037 971 1042; x_wconf 62' lang='grc'><strong>’</strong></span> 
     </span>
    </p>
   </div>
   <div class='ocr_carea' id='block_1_3' title="bbox 163 1141 1357 1328">
    <p class='ocr_par' dir='ltr' id='par_1_4' title="bbox 163 1141 1357 1328">
     <span class='ocr_line' id='line_1_8' title="bbox 163 1141 1357 1232; baseline 0.005 -24"><span class='ocrx_word' id='word_1_44' title='bbox 163 1199 168 1208; x_wconf 92' lang='grc'>.</span> <span class='ocrx_word' id='word_1_45' title='bbox 323 1143 389 1207; x_wconf 90' lang='lat' dir='ltr'><strong>Sed</strong></span> <span class='ocrx_word' id='word_1_46' title='bbox 407 1143 505 1227; x_wconf 89' lang='lat' dir='ltr'><strong>longe</strong></span> <span class='ocrx_word' id='word_1_47' title='bbox 527 1143 594 1208; x_wconf 91' lang='lat' dir='ltr'><strong>alia</strong></span> <span class='ocrx_word' id='word_1_48' title='bbox 607 1143 691 1207; x_wconf 90' lang='lat' dir='ltr'><strong>ratio</strong></span> <span class='ocrx_word' id='word_1_49' title='bbox 705 1150 754 1206; x_wconf 88' lang='lat' dir='ltr'><strong>est</strong></span> <span class='ocrx_word' id='word_1_50' title='bbox 771 1141 909 1208; x_wconf 90' lang='lat' dir='ltr'><strong>aliorum</strong></span> <span class='ocrx_word' id='word_1_51' title='bbox 924 1143 1068 1210; x_wconf 92' lang='lat' dir='ltr'><strong>locorum</strong></span> <span class='ocrx_word' id='word_1_52' title='bbox 1080 1143 1243 1232; x_wconf 81' lang='lat' dir='ltr'>Stephani</span> <span class='ocrx_word' id='word_1_53' title='bbox 1258 1148 1357 1214; x_wconf 87' lang='lat' dir='ltr'><strong>trium</strong></span> 
     </span>
     <span class='ocr_line' id='line_1_9' title="bbox 238 1243 811 1328; baseline -0.007 -18"><span class='ocrx_word' id='word_1_54' title='bbox 238 1249 312 1328; x_wconf 89' lang='grc'>655,</span> <span class='ocrx_word' id='word_1_55' title='bbox 335 1249 366 1309; x_wconf 91' lang='grc'><strong>5.</strong></span> <span class='ocrx_word' id='word_1_56' title='bbox 391 1246 529 1328; x_wconf 86' lang='grc'>20695,</span> <span class='ocrx_word' id='word_1_57' title='bbox 555 1246 574 1306; x_wconf 89' lang='grc'><strong>3</strong></span> <span class='ocrx_word' id='word_1_58' title='bbox 598 1243 649 1310; x_wconf 87' lang='lat' dir='ltr'><strong>ed.</strong></span> <span class='ocrx_word' id='word_1_59' title='bbox 666 1243 811 1308; x_wconf 89' lang='lat' dir='ltr'><strong>Meinek.</strong></span> 
     </span>
    </p>
   </div>
   <div class='ocr_carea' id='block_1_4' title="bbox 224 1405 1355 4373">
    <p class='ocr_par' dir='ltr' id='par_1_5' title="bbox 516 1405 1262 1512">
     <span class='ocr_line' id='line_1_10' title="bbox 516 1405 1262 1512; baseline -0.004 -12"><span class='ocrx_word' id='word_1_60' title='bbox 516 1405 1055 1506; x_wconf 57' lang='grc'>1661611616</span> <span class='ocrx_word' id='word_1_61' title='bbox 1260 1509 1262 1512; x_wconf 78' lang='lat'><em>.</em></span> 
     </span>
    </p>

    <p class='ocr_par' dir='ltr' id='par_1_6' title="bbox 224 1546 1355 4373">
     <span class='ocr_line' id='line_1_11' title="bbox 323 1546 1355 1635; baseline 0.003 -21"><span class='ocrx_word' id='word_1_62' title='bbox 323 1547 504 1635; x_wconf 79' lang='lat' dir='ltr'><strong>Scriptores</strong></span> <span class='ocrx_word' id='word_1_63' title='bbox 528 1547 568 1611; x_wconf 90' lang='lat' dir='ltr'><strong>de</strong></span> <span class='ocrx_word' id='word_1_64' title='bbox 585 1549 680 1635; x_wconf 83' lang='lat' dir='ltr'>pagis</span> <span class='ocrx_word' id='word_1_65' title='bbox 704 1546 825 1613; x_wconf 85' lang='lat' dir='ltr'><strong>Atticis</strong></span> <span class='ocrx_word' id='word_1_66' title='bbox 848 1556 948 1634; x_wconf 87' lang='lat' dir='ltr'><strong>atque</strong></span> <span class='ocrx_word' id='word_1_67' title='bbox 963 1549 1035 1635; x_wconf 90' lang='lat' dir='ltr'><strong>ipsa</strong></span> <span class='ocrx_word' id='word_1_68' title='bbox 1048 1548 1259 1615; x_wconf 82' lang='lat' dir='ltr'><strong>Athenarum</strong></span> <span class='ocrx_word' id='word_1_69' title='bbox 1275 1552 1355 1618; x_wconf 85' lang='lat' dir='ltr'><strong>urbe</strong></span> 
     </span>
     <span class='ocr_line' id='line_1_12' title="bbox 237 1647 1354 1740; baseline 0.001 -24"><span class='ocrx_word' id='word_1_70' title='bbox 237 1653 292 1740; x_wconf 93' lang='lat' dir='ltr'><strong>qui</strong></span> <span class='ocrx_word' id='word_1_71' title='bbox 307 1650 411 1714; x_wconf 87' lang='lat' dir='ltr'><strong>litoris</strong></span> <span class='ocrx_word' id='word_1_72' title='bbox 427 1651 713 1737; x_wconf 80' lang='lat' dir='ltr'><strong>consignaverunt,</strong></span> <span class='ocrx_word' id='word_1_73' title='bbox 730 1647 866 1712; x_wconf 87' lang='lat' dir='ltr'><strong>Preller.</strong></span> <span class='ocrx_word' id='word_1_74' title='bbox 886 1648 1009 1714; x_wconf 80' lang='lat' dir='ltr'><strong>Polam.</strong></span> <span class='ocrx_word' id='word_1_75' title='bbox 1029 1673 1061 1736; x_wconf 93' lang='lat' dir='ltr'><strong>p.</strong></span> <span class='ocrx_word' id='word_1_76' title='bbox 1078 1652 1136 1713; x_wconf 86' lang='lat'><strong>170</strong></span> <span class='ocrx_word' id='word_1_77' title='bbox 1149 1672 1222 1737; x_wconf 92' lang='lat' dir='ltr'><strong>sqq.</strong></span> <span class='ocrx_word' id='word_1_78' title='bbox 1237 1652 1354 1736; x_wconf 85' lang='lat' dir='ltr'><strong>Meier.</strong></span> 
     </span>
     <span class='ocr_line' id='line_1_13' title="bbox 237 1751 1354 1838; baseline 0.001 -20"><span class='ocrx_word' id='word_1_79' title='bbox 237 1755 278 1818; x_wconf 91' lang='lat' dir='ltr'><strong>de</strong></span> <span class='ocrx_word' id='word_1_80' title='bbox 294 1751 456 1838; x_wconf 88' lang='lat' dir='ltr'><strong>Harpocr.</strong></span> <span class='ocrx_word' id='word_1_81' title='bbox 477 1774 510 1836; x_wconf 89' lang='lat' dir='ltr'><strong>p.</strong></span> <span class='ocrx_word' id='word_1_82' title='bbox 524 1754 574 1815; x_wconf 87' lang='lat'><strong>63.</strong></span> <span class='ocrx_word' id='word_1_83' title='bbox 591 1754 641 1833; x_wconf 90' lang='grc'><strong>64,</strong></span> <span class='ocrx_word' id='word_1_84' title='bbox 662 1751 800 1837; x_wconf 87' lang='lat' dir='ltr'><strong>Didymi</strong></span> <span class='ocrx_word' id='word_1_85' title='bbox 821 1773 949 1833; x_wconf 87' lang='lat' dir='ltr'><strong>nomen,</strong></span> <span class='ocrx_word' id='word_1_86' title='bbox 971 1753 1083 1815; x_wconf 88' lang='lat' dir='ltr'><strong>nescio</strong></span> <span class='ocrx_word' id='word_1_87' title='bbox 1104 1752 1184 1836; x_wconf 91' lang='lat' dir='ltr'><strong>quid</strong></span> <span class='ocrx_word' id='word_1_88' title='bbox 1203 1762 1354 1838; x_wconf 85' lang='lat' dir='ltr'><strong>agentes,</strong></span> 
     </span>
     <span class='ocr_line' id='line_1_14' title="bbox 236 1851 1353 1940; baseline 0.002 -22"><span class='ocrx_word' id='word_1_89' title='bbox 236 1857 270 1918; x_wconf 93' lang='lat' dir='ltr'><strong>in</strong></span> <span class='ocrx_word' id='word_1_90' title='bbox 291 1853 419 1918; x_wconf 88' lang='lat' dir='ltr'><strong>tabulas</strong></span> <span class='ocrx_word' id='word_1_91' title='bbox 439 1873 507 1916; x_wconf 90' lang='lat' dir='ltr'><strong>non</strong></span> <span class='ocrx_word' id='word_1_92' title='bbox 528 1851 718 1935; x_wconf 87' lang='lat' dir='ltr'><strong>retulerunt,</strong></span> <span class='ocrx_word' id='word_1_93' title='bbox 742 1874 937 1939; x_wconf 90' lang='lat' dir='ltr'><strong>quamquam</strong></span> <span class='ocrx_word' id='word_1_94' title='bbox 959 1851 1142 1938; x_wconf 80' lang='lat' dir='ltr'><strong>Stephanus</strong></span> <span class='ocrx_word' id='word_1_95' title='bbox 1156 1853 1353 1940; x_wconf 84' lang='lat' dir='ltr'><strong>Byzantius,</strong></span> 
     </span>
     <span class='ocr_line' id='line_1_15' title="bbox 237 1952 1353 2044; baseline 0.002 -24"><span class='ocrx_word' id='word_1_96' title='bbox 237 1958 292 2044; x_wconf 92' lang='lat' dir='ltr'><strong>qui</strong></span> <span class='ocrx_word' id='word_1_97' title='bbox 317 1979 350 2042; x_wconf 89' lang='lat' dir='ltr'><strong>p.</strong></span> <span class='ocrx_word' id='word_1_98' title='bbox 374 1957 452 2037; x_wconf 85' lang='grc'>635,</span> <span class='ocrx_word' id='word_1_99' title='bbox 477 1953 706 2036; x_wconf 80' lang='lat' dir='ltr'><strong>20M=283,</strong></span> <span class='ocrx_word' id='word_1_100' title='bbox 730 1953 826 2019; x_wconf 85' lang='lat' dir='ltr'><strong>27W</strong></span> <span class='ocrx_word' id='word_1_101' title='bbox 852 1952 904 2018; x_wconf 86' lang='lat' dir='ltr'><strong>his</strong></span> <span class='ocrx_word' id='word_1_102' title='bbox 931 1953 1042 2019; x_wconf 88' lang='lat' dir='ltr'><strong>verbis</strong></span> <span class='ocrx_word' id='word_1_103' title='bbox 1071 1955 1101 2018; x_wconf 93' lang='lat' dir='ltr'><strong>ei</strong></span> <span class='ocrx_word' id='word_1_104' title='bbox 1128 1957 1353 2040; x_wconf 79' lang='lat' dir='ltr'><strong>testimonium</strong></span> 
     </span>
     <span class='ocr_line' id='line_1_16' title="bbox 237 2048 1353 2142; baseline 0 -20"><span class='ocrx_word' id='word_1_105' title='bbox 237 2057 413 2123; x_wconf 89' lang='lat' dir='ltr'><strong>denunciat</strong></span> <span class='ocrx_word' id='word_1_106' title='bbox 437 2052 615 2134; x_wconf 78' lang='grc' dir='ltr'><strong><em>Διόδωρος</em></strong></span> <span class='ocrx_word' id='word_1_107' title='bbox 643 2051 680 2118; x_wconf 73' lang='grc' dir='ltr'><strong>δὲ</strong></span> <span class='ocrx_word' id='word_1_108' title='bbox 706 2053 762 2120; x_wconf 80' lang='grc' dir='ltr'><strong>καὶ</strong></span> <span class='ocrx_word' id='word_1_109' title='bbox 791 2057 979 2138; x_wconf 78' lang='grc' dir='ltr'><em>Δίδυμος</em></span> <span class='ocrx_word' id='word_1_110' title='bbox 1005 2061 1178 2140; x_wconf 82' lang='grc' dir='ltr'><strong><em>Τρινεμεῑς</em></strong></span> <span class='ocrx_word' id='word_1_111' title='bbox 1197 2048 1353 2142; x_wconf 78' lang='grc' dir='ltr'><strong><em>ἀναγρά-</em></strong></span> 
     </span>
     <span class='ocr_line' id='line_1_17' title="bbox 236 2150 1353 2244; baseline -0.002 -20"><span class='ocrx_word' id='word_1_112' title='bbox 236 2175 342 2243; x_wconf 85' lang='grc' dir='ltr'><strong><em>φουσι</em></strong></span> <span class='ocrx_word' id='word_1_113' title='bbox 365 2152 425 2222; x_wconf 84' lang='grc' dir='ltr'><strong>τὸν</strong></span> <span class='ocrx_word' id='word_1_114' title='bbox 448 2158 567 2240; x_wconf 76' lang='grc' dir='ltr'><strong><em>δῆμον,</em></strong></span> <span class='ocrx_word' id='word_1_115' title='bbox 588 2158 798 2241; x_wconf 75' lang='grc' dir='ltr'><strong><em>Καλλίμαχος</em></strong></span> <span class='ocrx_word' id='word_1_116' title='bbox 815 2150 935 2244; x_wconf 76' lang='grc' dir='ltr'><em>Ἑκάλῃ</em></span> <span class='ocrx_word' id='word_1_117' title='bbox 961 2156 1171 2242; x_wconf 82' lang='grc' dir='ltr'><strong><em>Τρινέμειαν,</em></strong></span> <span class='ocrx_word' id='word_1_118' title='bbox 1191 2157 1353 2222; x_wconf 81' lang='lat' dir='ltr'><strong>Chalcen-</strong></span> 
     </span>
     <span class='ocr_line' id='line_1_18' title="bbox 232 2258 1352 2347; baseline 0 -22"><span class='ocrx_word' id='word_1_119' title='bbox 232 2271 338 2325; x_wconf 86' lang='lat' dir='ltr'><strong>terum</strong></span> <span class='ocrx_word' id='word_1_120' title='bbox 358 2281 487 2347; x_wconf 90' lang='lat' dir='ltr'><strong>quoque</strong></span> <span class='ocrx_word' id='word_1_121' title='bbox 511 2258 553 2321; x_wconf 87' lang='lat' dir='ltr'><strong>iis</strong></span> <span class='ocrx_word' id='word_1_122' title='bbox 576 2278 750 2322; x_wconf 71' lang='lat' dir='ltr'><strong>accensere</strong></span> <span class='ocrx_word' id='word_1_123' title='bbox 768 2258 909 2342; x_wconf 86' lang='lat' dir='ltr'><strong>videtur,</strong></span> <span class='ocrx_word' id='word_1_124' title='bbox 932 2258 988 2345; x_wconf 93' lang='lat' dir='ltr'><strong>qui</strong></span> <span class='ocrx_word' id='word_1_125' title='bbox 1010 2259 1104 2345; x_wconf 85' lang='lat' dir='ltr'><strong>pagis</strong></span> <span class='ocrx_word' id='word_1_126' title='bbox 1116 2259 1237 2323; x_wconf 88' lang='lat' dir='ltr'><strong>Atticis</strong></span> <span class='ocrx_word' id='word_1_127' title='bbox 1257 2281 1352 2326; x_wconf 85' lang='grc'>66611-</span> 
     </span>
     <span class='ocr_line' id='line_1_19' title="bbox 232 2353 1352 2450; baseline -0.002 -23"><span class='ocrx_word' id='word_1_128' title='bbox 232 2372 302 2427; x_wconf 89' lang='lat' dir='ltr'><strong>rate</strong></span> <span class='ocrx_word' id='word_1_129' title='bbox 335 2361 544 2426; x_wconf 86' lang='lat' dir='ltr'><strong>recensendis</strong></span> <span class='ocrx_word' id='word_1_130' title='bbox 577 2355 710 2446; x_wconf 88' lang='lat' dir='ltr'><strong>operam</strong></span> <span class='ocrx_word' id='word_1_131' title='bbox 741 2369 956 2424; x_wconf 86' lang='lat' dir='ltr'><strong>navaverunt.</strong></span> <span class='ocrx_word' id='word_1_132' title='bbox 999 2353 1225 2445; x_wconf 80' lang='grc' dir='ltr'><strong><em>Ἀνανράφειν</em></strong></span> <span class='ocrx_word' id='word_1_133' title='bbox 1252 2362 1352 2450; x_wconf 88' lang='lat' dir='ltr'><strong>enim,</strong></span> 
     </span>
     <span class='ocr_line' id='line_1_20' title="bbox 233 2459 1350 2548; baseline -0.004 -18"><span class='ocrx_word' id='word_1_134' title='bbox 233 2467 325 2530; x_wconf 91' lang='lat' dir='ltr'><strong>cuius</strong></span> <span class='ocrx_word' id='word_1_135' title='bbox 346 2463 440 2530; x_wconf 89' lang='lat' dir='ltr'><strong>verbi</strong></span> <span class='ocrx_word' id='word_1_136' title='bbox 455 2461 726 2548; x_wconf 88' lang='lat' dir='ltr'><strong>significationem</strong></span> <span class='ocrx_word' id='word_1_137' title='bbox 745 2459 910 2526; x_wconf 87' lang='lat' dir='ltr'><strong>illustrant</strong></span> <span class='ocrx_word' id='word_1_138' title='bbox 921 2460 961 2525; x_wconf 93' lang='grc' dir='ltr'><strong>Ο.</strong></span> <span class='ocrx_word' id='word_1_139' title='bbox 975 2461 1165 2530; x_wconf 88' lang='lat' dir='ltr'><strong>Schneider.</strong></span> <span class='ocrx_word' id='word_1_140' title='bbox 1178 2461 1220 2524; x_wconf 94' lang='lat' dir='ltr'><strong>de</strong></span> <span class='ocrx_word' id='word_1_141' title='bbox 1233 2461 1350 2526; x_wconf 88' lang='lat' dir='ltr'><strong>scholl.</strong></span> 
     </span>
     <span class='ocr_line' id='line_1_21' title="bbox 232 2561 1352 2651; baseline -0.003 -20"><span class='ocrx_word' id='word_1_142' title='bbox 232 2566 336 2631; x_wconf 88' lang='lat' dir='ltr'><strong>Arist.</strong></span> <span class='ocrx_word' id='word_1_143' title='bbox 360 2565 454 2630; x_wconf 80' lang='lat' dir='ltr'><strong>fonti.</strong></span> <span class='ocrx_word' id='word_1_144' title='bbox 482 2585 515 2650; x_wconf 88' lang='lat' dir='ltr'><strong>p.</strong></span> <span class='ocrx_word' id='word_1_145' title='bbox 538 2564 579 2628; x_wconf 82' lang='grc'><strong>62</strong></span> <span class='ocrx_word' id='word_1_146' title='bbox 597 2564 643 2642; x_wconf 85' lang='grc' dir='ltr'><strong>Α.</strong></span> <span class='ocrx_word' id='word_1_147' title='bbox 666 2561 795 2626; x_wconf 90' lang='lat' dir='ltr'><strong>Nauck.</strong></span> <span class='ocrx_word' id='word_1_148' title='bbox 818 2562 985 2650; x_wconf 89' lang='lat' dir='ltr'><strong>Aristoph.</strong></span> <span class='ocrx_word' id='word_1_149' title='bbox 1007 2562 1088 2651; x_wconf 81' lang='lat' dir='ltr'><strong>Byz.</strong></span> <span class='ocrx_word' id='word_1_150' title='bbox 1111 2586 1144 2649; x_wconf 92' lang='lat' dir='ltr'><strong>p.</strong></span> <span class='ocrx_word' id='word_1_151' title='bbox 1168 2564 1247 2646; x_wconf 83' lang='lat'><strong>237,</strong></span> <span class='ocrx_word' id='word_1_152' title='bbox 1275 2585 1352 2650; x_wconf 90' lang='lat' dir='ltr'><strong>pro·</strong></span> 
     </span>
     <span class='ocr_line' id='line_1_22' title="bbox 231 2663 1350 2754; baseline -0.002 -23"><span class='ocrx_word' id='word_1_153' title='bbox 231 2669 339 2754; x_wconf 90' lang='lat' dir='ltr'><strong>prium</strong></span> <span class='ocrx_word' id='word_1_154' title='bbox 356 2676 405 2732; x_wconf 89' lang='lat' dir='ltr'><strong>est</strong></span> <span class='ocrx_word' id='word_1_155' title='bbox 423 2665 591 2751; x_wconf 89' lang='lat' dir='ltr'><strong>scriptoris</strong></span> <span class='ocrx_word' id='word_1_156' title='bbox 614 2663 736 2731; x_wconf 87' lang='lat' dir='ltr'><strong>literati</strong></span> <span class='ocrx_word' id='word_1_157' title='bbox 759 2664 839 2746; x_wconf 88' lang='lat' dir='ltr'><strong>cius,</strong></span> <span class='ocrx_word' id='word_1_158' title='bbox 860 2664 934 2750; x_wconf 77' lang='lat' dir='ltr'><strong>‘qui</strong></span> <span class='ocrx_word' id='word_1_159' title='bbox 953 2664 1078 2728; x_wconf 89' lang='lat' dir='ltr'><strong>indices</strong></span> <span class='ocrx_word' id='word_1_160' title='bbox 1096 2664 1256 2750; x_wconf 91' lang='lat' dir='ltr'><strong>quosdam</strong></span> <span class='ocrx_word' id='word_1_161' title='bbox 1273 2686 1350 2730; x_wconf 89' lang='lat' dir='ltr'><strong>oon·</strong></span> 
     </span>
     <span class='ocr_line' id='line_1_23' title="bbox 233 2764 1350 2855; baseline -0.001 -23"><span class='ocrx_word' id='word_1_162' title='bbox 233 2769 290 2833; x_wconf 91' lang='lat' dir='ltr'><strong>dat</strong></span> <span class='ocrx_word' id='word_1_163' title='bbox 312 2789 488 2855; x_wconf 88' lang='lat' dir='ltr'><strong>eorumque</strong></span> <span class='ocrx_word' id='word_1_164' title='bbox 511 2766 681 2832; x_wconf 88' lang='lat' dir='ltr'><strong>ordinibus</strong></span> <span class='ocrx_word' id='word_1_165' title='bbox 703 2765 788 2830; x_wconf 92' lang='lat' dir='ltr'><strong>hanc</strong></span> <span class='ocrx_word' id='word_1_166' title='bbox 809 2764 864 2830; x_wconf 83' lang='lat' dir='ltr'><strong>vel</strong></span> <span class='ocrx_word' id='word_1_167' title='bbox 887 2764 978 2829; x_wconf 88' lang='lat' dir='ltr'><strong>illam</strong></span> <span class='ocrx_word' id='word_1_168' title='bbox 995 2787 1064 2828; x_wconf 93' lang='lat' dir='ltr'><strong>rem</strong></span> <span class='ocrx_word' id='word_1_169' title='bbox 1086 2766 1239 2830; x_wconf 82' lang='lat' dir='ltr'><strong>inserat’</strong></span> <span class='ocrx_word' id='word_1_170' title='bbox 1282 2766 1350 2831; x_wconf 89' lang='lat' dir='ltr'><strong>Ita·</strong></span> 
     </span>
     <span class='ocr_line' id='line_1_24' title="bbox 233 2865 1348 2958; baseline -0.002 -23"><span class='ocrx_word' id='word_1_171' title='bbox 233 2893 295 2958; x_wconf 90' lang='lat' dir='ltr'><strong>que</strong></span> <span class='ocrx_word' id='word_1_172' title='bbox 318 2870 357 2935; x_wconf 89' lang='lat' dir='ltr'><strong>L.</strong></span> <span class='ocrx_word' id='word_1_173' title='bbox 381 2869 546 2935; x_wconf 87' lang='lat' dir='ltr'><strong>Prellerus</strong></span> <span class='ocrx_word' id='word_1_174' title='bbox 568 2868 692 2934; x_wconf 83' lang='lat' dir='ltr'><strong>Polam.</strong></span> <span class='ocrx_word' id='word_1_175' title='bbox 712 2891 744 2954; x_wconf 93' lang='lat' dir='ltr'><strong>p.</strong></span> <span class='ocrx_word' id='word_1_176' title='bbox 765 2871 802 2930; x_wconf 86' lang='grc'><strong>41</strong></span> <span class='ocrx_word' id='word_1_177' title='bbox 826 2875 916 2952; x_wconf 66' lang='grc'><strong>666</strong></span> <span class='ocrx_word' id='word_1_178' title='bbox 938 2865 1048 2931; x_wconf 86' lang='lat' dir='ltr'><strong>verbis</strong></span> <span class='ocrx_word' id='word_1_179' title='bbox 1072 2865 1172 2930; x_wconf 92' lang='lat' dir='ltr'><strong>schol.</strong></span> <span class='ocrx_word' id='word_1_180' title='bbox 1185 2866 1244 2930; x_wconf 85' lang='lat' dir='ltr'><strong>Ar.</strong></span> <span class='ocrx_word' id='word_1_181' title='bbox 1257 2867 1348 2934; x_wconf 88' lang='lat' dir='ltr'><strong>Avv.</strong></span> 
     </span>
     <span class='ocr_line' id='line_1_25' title="bbox 233 2963 1349 3054; baseline -0.002 -19"><span class='ocrx_word' id='word_1_182' title='bbox 233 2974 294 3035; x_wconf 87' lang='grc'><strong>646</strong></span> <span class='ocrx_word' id='word_1_183' title='bbox 320 2965 510 3054; x_wconf 77' lang='grc' dir='ltr'><em>ἀναγράφει</em></span> <span class='ocrx_word' id='word_1_184' title='bbox 534 2968 570 3035; x_wconf 79' lang='grc' dir='ltr'><strong>δὲ</strong></span> <span class='ocrx_word' id='word_1_185' title='bbox 598 2965 677 3047; x_wconf 78' lang='grc' dir='ltr'><strong>τούς</strong></span> <span class='ocrx_word' id='word_1_186' title='bbox 699 2963 899 3051; x_wconf 81' lang='grc' dir='ltr'><strong><em>ἐπωνύμους</em></strong></span> <span class='ocrx_word' id='word_1_187' title='bbox 918 2970 986 3032; x_wconf 81' lang='grc' dir='ltr'><strong>των</strong></span> <span class='ocrx_word' id='word_1_188' title='bbox 1007 2963 1123 3052; x_wconf 80' lang='grc' dir='ltr'><strong><em>δήμων</em></strong></span> <span class='ocrx_word' id='word_1_189' title='bbox 1145 2964 1201 3031; x_wconf 78' lang='grc' dir='ltr'><strong>καὶ</strong></span> <span class='ocrx_word' id='word_1_190' title='bbox 1221 2970 1349 3054; x_wconf 74' lang='grc' dir='ltr'><strong><em>φυλαῖν</em></strong></span> 
     </span>
     <span class='ocr_line' id='line_1_26' title="bbox 231 3067 1348 3158; baseline -0.002 -24"><span class='ocrx_word' id='word_1_191' title='bbox 231 3072 396 3154; x_wconf 81' lang='grc' dir='ltr'><strong><em>Πολέμων</em></strong></span> <span class='ocrx_word' id='word_1_192' title='bbox 430 3072 485 3158; x_wconf 82' lang='lat' dir='ltr'><strong>(fr.</strong></span> <span class='ocrx_word' id='word_1_193' title='bbox 517 3072 584 3156; x_wconf 82' lang='lat' dir='ltr'><strong>IX)</strong></span> <span class='ocrx_word' id='word_1_194' title='bbox 617 3072 670 3136; x_wconf 89' lang='lat' dir='ltr'><strong>vel</strong></span> <span class='ocrx_word' id='word_1_195' title='bbox 703 3069 880 3155; x_wconf 89' lang='lat' dir='ltr'><strong>singularis</strong></span> <span class='ocrx_word' id='word_1_196' title='bbox 911 3068 1059 3157; x_wconf 88' lang='lat' dir='ltr'><strong>opusculi</strong></span> <span class='ocrx_word' id='word_1_197' title='bbox 1093 3067 1147 3134; x_wconf 89' lang='lat' dir='ltr'><strong>vel</strong></span> <span class='ocrx_word' id='word_1_198' title='bbox 1177 3068 1348 3154; x_wconf 86' lang='lat' dir='ltr'><strong>amplioris</strong></span> 
     </span>
     <span class='ocr_line' id='line_1_27' title="bbox 231 3162 1348 3260; baseline 0.002 -26"><span class='ocrx_word' id='word_1_199' title='bbox 231 3171 339 3256; x_wconf 91' lang='lat' dir='ltr'><strong>operis</strong></span> <span class='ocrx_word' id='word_1_200' title='bbox 359 3172 538 3256; x_wconf 87' lang='lat' dir='ltr'><strong>particulae</strong></span> <span class='ocrx_word' id='word_1_201' title='bbox 555 3171 769 3260; x_wconf 87' lang='lat' dir='ltr'><strong>probabiliter</strong></span> <span class='ocrx_word' id='word_1_202' title='bbox 791 3162 902 3237; x_wconf 87' lang='lat' dir='ltr'><strong>c‘licuit</strong></span> <span class='ocrx_word' id='word_1_203' title='bbox 918 3171 1163 3257; x_wconf 88' lang='lat' dir='ltr'><strong>inscriptionem</strong></span> <span class='ocrx_word' id='word_1_204' title='bbox 1183 3170 1348 3254; x_wconf 81' lang='grc' dir='ltr'><strong><em>Πολέμω-</em></strong></span> 
     </span>
     <span class='ocr_line' id='line_1_28' title="bbox 232 3265 1346 3359; baseline 0.001 -22"><span class='ocrx_word' id='word_1_205' title='bbox 232 3294 290 3347; x_wconf 87' lang='grc' dir='ltr'><strong>νος</strong></span> <span class='ocrx_word' id='word_1_206' title='bbox 313 3265 493 3355; x_wconf 74' lang='grc' dir='ltr'><strong><em>ἀναγραφὴ</em></strong></span> <span class='ocrx_word' id='word_1_207' title='bbox 518 3277 587 3338; x_wconf 79' lang='grc' dir='ltr'><strong>τῶν</strong></span> <span class='ocrx_word' id='word_1_208' title='bbox 607 3271 797 3359; x_wconf 76' lang='grc' dir='ltr'><strong><em>ἐπωνύμων</em></strong></span> <span class='ocrx_word' id='word_1_209' title='bbox 817 3277 886 3338; x_wconf 75' lang='grc' dir='ltr'><strong>τῶν</strong></span> <span class='ocrx_word' id='word_1_210' title='bbox 910 3267 1027 3358; x_wconf 77' lang='grc' dir='ltr'><strong><em>δήμων</em></strong></span> <span class='ocrx_word' id='word_1_211' title='bbox 1048 3269 1103 3337; x_wconf 80' lang='grc' dir='ltr'><strong>καὶ</strong></span> <span class='ocrx_word' id='word_1_212' title='bbox 1124 3275 1263 3355; x_wconf 76' lang='grc' dir='ltr'><strong><em>φυλῶν,</em></strong></span> <span class='ocrx_word' id='word_1_213' title='bbox 1293 3295 1346 3338; x_wconf 89' lang='grc'><strong>66-</strong></span> 
     </span>
     <span class='ocr_line' id='line_1_29' title="bbox 230 3372 1346 3460; baseline 0.002 -24"><span class='ocrx_word' id='word_1_214' title='bbox 230 3372 368 3458; x_wconf 92' lang='lat' dir='ltr'><strong>demque</strong></span> <span class='ocrx_word' id='word_1_215' title='bbox 397 3381 453 3438; x_wconf 91' lang='lat' dir='ltr'><strong>aut</strong></span> <span class='ocrx_word' id='word_1_216' title='bbox 480 3373 557 3438; x_wconf 87' lang='lat' dir='ltr'><strong>huic</strong></span> <span class='ocrx_word' id='word_1_217' title='bbox 586 3373 833 3438; x_wconf 82' lang='grc'>6111111161111666</span> <span class='ocrx_word' id='word_1_218' title='bbox 862 3375 993 3440; x_wconf 88' lang='lat' dir='ltr'><strong>videtur</strong></span> <span class='ocrx_word' id='word_1_219' title='bbox 1017 3372 1095 3439; x_wconf 90' lang='lat' dir='ltr'><strong>libri</strong></span> <span class='ocrx_word' id='word_1_220' title='bbox 1125 3372 1296 3460; x_wconf 86' lang='lat' dir='ltr'><strong>inscriptio</strong></span> <span class='ocrx_word' id='word_1_221' title='bbox 1326 3395 1346 3438; x_wconf 91' lang='lat' dir='ltr'><strong>a</strong></span> 
     </span>
     <span class='ocr_line' id='line_1_30' title="bbox 230 3473 1344 3562; baseline 0.004 -24"><span class='ocrx_word' id='word_1_222' title='bbox 230 3473 378 3538; x_wconf 93' lang='lat' dir='ltr'><strong>Diodoro</strong></span> <span class='ocrx_word' id='word_1_223' title='bbox 414 3476 601 3562; x_wconf 89' lang='lat' dir='ltr'><strong>compositi,</strong></span> <span class='ocrx_word' id='word_1_224' title='bbox 637 3475 743 3562; x_wconf 88' lang='lat' dir='ltr'><strong>quode</strong></span> <span class='ocrx_word' id='word_1_225' title='bbox 775 3474 818 3541; x_wconf 91' lang='grc'><strong>61.</strong></span> <span class='ocrx_word' id='word_1_226' title='bbox 849 3476 986 3542; x_wconf 84' lang='grc' dir='ltr'>Ρ161161.</span> <span class='ocrx_word' id='word_1_227' title='bbox 1012 3475 1067 3539; x_wconf 83' lang='grc'><strong>11</strong></span> <span class='ocrx_word' id='word_1_228' title='bbox 1103 3498 1135 3562; x_wconf 91' lang='lat' dir='ltr'><strong>p.</strong></span> <span class='ocrx_word' id='word_1_229' title='bbox 1166 3476 1344 3542; x_wconf 67' lang='lat' dir='ltr'><strong>tro-173.</strong></span> 
     </span>
     <span class='ocr_line' id='line_1_31' title="bbox 226 3574 1344 3662; baseline 0.002 -22"><span class='ocrx_word' id='word_1_230' title='bbox 226 3576 337 3662; x_wconf 88' lang='lat' dir='ltr'><strong>Atque</strong></span> <span class='ocrx_word' id='word_1_231' title='bbox 367 3598 538 3641; x_wconf 88' lang='lat' dir='ltr'><strong>recensum</strong></span> <span class='ocrx_word' id='word_1_232' title='bbox 571 3575 664 3641; x_wconf 92' lang='lat' dir='ltr'><strong>illum</strong></span> <span class='ocrx_word' id='word_1_233' title='bbox 696 3598 855 3662; x_wconf 87' lang='lat' dir='ltr'><strong>pagorum</strong></span> <span class='ocrx_word' id='word_1_234' title='bbox 885 3574 1068 3662; x_wconf 89' lang='lat' dir='ltr'><strong>Stephanus</strong></span> <span class='ocrx_word' id='word_1_235' title='bbox 1100 3577 1218 3640; x_wconf 88' lang='lat' dir='ltr'><strong>iterum</strong></span> <span class='ocrx_word' id='word_1_236' title='bbox 1247 3584 1344 3662; x_wconf 91' lang='lat' dir='ltr'><strong>atque</strong></span> 
     </span>
     <span class='ocr_line' id='line_1_32' title="bbox 227 3667 1344 3765; baseline 0 -23"><span class='ocrx_word' id='word_1_237' title='bbox 227 3679 347 3743; x_wconf 87' lang='lat' dir='ltr'><strong>iterum</strong></span> <span class='ocrx_word' id='word_1_238' title='bbox 369 3681 532 3764; x_wconf 87' lang='lat' dir='ltr'><strong>respicere</strong></span> <span class='ocrx_word' id='word_1_239' title='bbox 550 3667 699 3760; x_wconf 72' lang='lat' dir='ltr'><strong>ridetur,</strong></span> <span class='ocrx_word' id='word_1_240' title='bbox 729 3684 924 3765; x_wconf 88' lang='lat' dir='ltr'><strong>quamquam</strong></span> <span class='ocrx_word' id='word_1_241' title='bbox 951 3676 1112 3765; x_wconf 85' lang='lat' dir='ltr'><strong>hodieque</strong></span> <span class='ocrx_word' id='word_1_242' title='bbox 1134 3676 1223 3742; x_wconf 90' lang='lat' dir='ltr'><strong>haud</strong></span> <span class='ocrx_word' id='word_1_243' title='bbox 1245 3677 1344 3742; x_wconf 89' lang='lat' dir='ltr'><strong>facile</strong></span> 
     </span>
     <span class='ocr_line' id='line_1_33' title="bbox 228 3772 1342 3866; baseline 0.002 -24"><span class='ocrx_word' id='word_1_244' title='bbox 228 3780 391 3866; x_wconf 89' lang='lat' dir='ltr'><strong>quispiam</strong></span> <span class='ocrx_word' id='word_1_245' title='bbox 411 3777 619 3864; x_wconf 89' lang='lat' dir='ltr'><strong>gravioribus</strong></span> <span class='ocrx_word' id='word_1_246' title='bbox 641 3800 738 3865; x_wconf 91' lang='lat' dir='ltr'><strong>quam</strong></span> <span class='ocrx_word' id='word_1_247' title='bbox 759 3801 803 3843; x_wconf 84' lang='lat' dir='ltr'><strong>ex</strong></span> <span class='ocrx_word' id='word_1_248' title='bbox 819 3800 881 3844; x_wconf 91' lang='lat' dir='ltr'><strong>usu</strong></span> <span class='ocrx_word' id='word_1_249' title='bbox 899 3777 991 3843; x_wconf 91' lang='lat' dir='ltr'><strong>verbi</strong></span> <span class='ocrx_word' id='word_1_250' title='bbox 1007 3772 1218 3864; x_wconf 77' lang='grc' dir='ltr'><strong><em>ἀναγράφειν</em></strong></span> <span class='ocrx_word' id='word_1_251' title='bbox 1231 3780 1342 3865; x_wconf 90' lang='lat' dir='ltr'><strong>petitis</strong></span> 
     </span>
     <span class='ocr_line' id='line_1_34' title="bbox 226 3875 1344 3968; baseline 0.003 -26"><span class='ocrx_word' id='word_1_252' title='bbox 226 3879 427 3964; x_wconf 86' lang='lat' dir='ltr'><strong>argumentis</strong></span> <span class='ocrx_word' id='word_1_253' title='bbox 456 3880 632 3964; x_wconf 85' lang='lat' dir='ltr'><strong>redarguet</strong></span> <span class='ocrx_word' id='word_1_254' title='bbox 661 3901 744 3962; x_wconf 86' lang='lat' dir='ltr'><strong>eum,</strong></span> <span class='ocrx_word' id='word_1_255' title='bbox 772 3879 829 3966; x_wconf 91' lang='lat' dir='ltr'><strong>qui</strong></span> <span class='ocrx_word' id='word_1_256' title='bbox 858 3901 900 3944; x_wconf 83' lang='lat' dir='ltr'><strong>ex</strong></span> <span class='ocrx_word' id='word_1_257' title='bbox 921 3875 1182 3967; x_wconf 86' lang='lat' dir='ltr'><strong>hypomnematis</strong></span> <span class='ocrx_word' id='word_1_258' title='bbox 1202 3879 1344 3968; x_wconf 92' lang='lat' dir='ltr'><strong>Didymi</strong></span> 
     </span>
     <span class='ocr_line' id='line_1_35' title="bbox 225 3978 1340 4071; baseline 0.004 -29"><span class='ocrx_word' id='word_1_259' title='bbox 225 3978 397 4045; x_wconf 88' lang='lat' dir='ltr'><strong>rhetoricis</strong></span> <span class='ocrx_word' id='word_1_260' title='bbox 428 3979 628 4067; x_wconf 90' lang='lat' dir='ltr'><strong>Stephanum</strong></span> <span class='ocrx_word' id='word_1_261' title='bbox 653 3980 832 4068; x_wconf 88' lang='lat' dir='ltr'><strong>profecisse</strong></span> <span class='ocrx_word' id='word_1_262' title='bbox 861 3980 1076 4046; x_wconf 86' lang='lat' dir='ltr'><strong>contenderit.</strong></span> <span class='ocrx_word' id='word_1_263' title='bbox 1122 3982 1340 4071; x_wconf 79' lang='lat' dir='ltr'><strong>StephByz.</strong></span> 
     </span>
     <span class='ocr_line' id='line_1_36' title="bbox 227 4077 1342 4165; baseline 0.005 -23"><span class='ocrx_word' id='word_1_264' title='bbox 227 4083 299 4163; x_wconf 89' lang='grc'>635,</span> <span class='ocrx_word' id='word_1_265' title='bbox 323 4082 493 4165; x_wconf 81' lang='lat'><strong>5(=283,</strong></span> <span class='ocrx_word' id='word_1_266' title='bbox 518 4081 626 4164; x_wconf 64' lang='lat' dir='ltr'>13W)</span> <span class='ocrx_word' id='word_1_267' title='bbox 655 4077 972 4164; x_wconf 81' lang='grc' dir='ltr'><strong><em>Τρικόρυνθον·</em></strong></span> <span class='ocrx_word' id='word_1_268' title='bbox 998 4077 1184 4163; x_wconf 76' lang='grc' dir='ltr'><strong><em>οὐδετέρως</em></strong></span> <span class='ocrx_word' id='word_1_269' title='bbox 1204 4085 1342 4148; x_wconf 76' lang='grc' dir='ltr'><strong><em>Δίδυ-</em></strong></span> 
     </span>
     <span class='ocr_line' id='line_1_37' title="bbox 226 4177 1340 4271; baseline 0.006 -27"><span class='ocrx_word' id='word_1_270' title='bbox 226 4205 301 4264; x_wconf 94' lang='grc' dir='ltr'><strong>μος</strong></span> <span class='ocrx_word' id='word_1_271' title='bbox 320 4181 375 4247; x_wconf 76' lang='grc' dir='ltr'><strong>καὶ</strong></span> <span class='ocrx_word' id='word_1_272' title='bbox 395 4179 589 4267; x_wconf 81' lang='grc' dir='ltr'><strong><em>Διόδωρος,</em></strong></span> <span class='ocrx_word' id='word_1_273' title='bbox 620 4179 804 4260; x_wconf 78' lang='grc' dir='ltr'><strong><em>Διονύσιος</em></strong></span> <span class='ocrx_word' id='word_1_274' title='bbox 826 4177 1029 4266; x_wconf 71' lang='grc' dir='ltr'><strong><em>ἀρσενικῶς,</em></strong></span> <span class='ocrx_word' id='word_1_275' title='bbox 1056 4179 1242 4266; x_wconf 81' lang='grc' dir='ltr'><strong><em>Εὐφορίων</em></strong></span> <span class='ocrx_word' id='word_1_276' title='bbox 1272 4193 1340 4271; x_wconf 75' lang='lat' dir='ltr'><strong>oq-</strong></span> 
     </span>
     <span class='ocr_line' id='line_1_38' title="bbox 224 4281 1337 4373; baseline 0.005 -27"><span class='ocrx_word' id='word_1_277' title='bbox 224 4285 345 4359; x_wconf 71' lang='grc' dir='ltr'><strong><em>λυκοῖς.</em></strong></span> <span class='ocrx_word' id='word_1_278' title='bbox 379 4283 448 4349; x_wconf 80' lang='grc' dir='ltr'><strong><em>ἔστι</em></strong></span> <span class='ocrx_word' id='word_1_279' title='bbox 470 4283 507 4350; x_wconf 75' lang='grc' dir='ltr'><strong>δὲ</strong></span> <span class='ocrx_word' id='word_1_280' title='bbox 531 4286 636 4368; x_wconf 77' lang='grc' dir='ltr'><strong><em>δῆμος</em></strong></span> <span class='ocrx_word' id='word_1_281' title='bbox 657 4287 720 4367; x_wconf 80' lang='grc' dir='ltr'><strong>τῆς</strong></span> <span class='ocrx_word' id='word_1_282' title='bbox 734 4286 913 4364; x_wconf 76' lang='grc' dir='ltr'><strong><em>Αἰαντίδος</em></strong></span> <span class='ocrx_word' id='word_1_283' title='bbox 934 4288 1055 4370; x_wconf 81' lang='grc' dir='ltr'><strong><em>φυλῆς.</em></strong></span> <span class='ocrx_word' id='word_1_284' title='bbox 1080 4281 1337 4373; x_wconf 75' lang='grc' dir='ltr'><strong><em>[Τρικόρυνθον</em></strong></span> 
     </span>
    </p>
   </div>
   <div class='ocr_carea' id='block_1_5' title="bbox 0 0 1438 4882">
    <p class='ocr_par' dir='ltr' id='par_1_7' title="bbox 0 0 1438 4882">
     <span class='ocr_line' id='line_1_39' title="bbox 0 0 1438 4882; baseline 0 1"><span class='ocrx_word' id='word_1_285' title='bbox 0 0 1438 4882; x_wconf 95' lang='lat' dir='ltr'><strong> </strong></span> 
     </span>
    </p>
   </div>
  </div>
 </body>
</html>
