2866 4882
204 329 265 390 314

201 493 236 560 οί
255 492 393 577 κύρβεις
411 491 645 575 γεγραμμένοι,
664 488 854 575 δεδήλωκεν
870 484 1055 575 Εὐφορίων
1078 491 1114 556 έν
1135 495 1180 578 τῷ
1193 487 1316 559 ’Λαοί-

201 593 351 684 λοδύρηι.
375 587 395 677 ἢ
421 593 502 677 ἐπεί,
524 597 618 677 φησί,
641 589 720 670 τούς
742 587 863 672 ι’ίξονας
885 592 940 658 καὶ
962 590 1042 670 τούς
1064 589 1202 678 κύρβεις
1224 589 1317 659 ἄνω-

201 705 265 763 θεν
288 697 324 762 ἐκ
347 700 405 781 τῆς
432 690 648 780 ἀκροπόλεως
671 698 717 772 είς
738 689 775 759 τό
800 693 1046 779 βουλευτήριον
1069 694 1123 760 καὶ
1146 691 1209 778 τὴν
1231 691 1317 778 ἆγο·

202 794 266 882 ράν
286 797 486 884 μετέστησεν
503 793 690 881 Ἐφιάλτης,
713 791 758 876 ὥς
778 816 884 882 φησιν
895 790 1109 881 Ἀναξιμένης
1133 798 1170 862 ἐν
1191 803 1319 864 Φιλιπ-

201 911 320 977 τικοῖς.

286 1019 378 1084 Haeo
398 1022 563 1106 pertinent
584 1022 627 1084 ad
648 1019 744 1083 Dem.
774 1041 801 1083 ο.
825 1018 984 1082 Aristoor.
1007 1021 1037 1099 ξ.
1061 1019 1100 1082 28
1121 1042 1153 1105 p.
1178 1020 1251 1100 629,
1278 1022 1317 1082 16

201 1122 294 1188 Phot.
323 1125 401 1205 324,
425 1125 461 1185 21
500 1120 591 1187 Suid.
621 1144 646 1188 s.
669 1145 702 1187 v.
729 1121 812 1185 Poll.
842 1124 880 1184 H
900 1122 958 1182 128
988 1143 1019 1206 p.
1045 1123 1105 1184 352
1134 1119 1244 1184 Bekk.
1277 1159 1315 1166 —

201 1223 331 1289 Schaef.
360 1245 435 1310 app.
465 1222 536 1287 crit'.
565 1223 614 1286 IV
641 1249 673 1311 p.
698 1225 737 1286 28
760 1247 808 1308 sq.
839 1221 947 1286 melet.
977 1222 1049 1285 erit.
1075 1245 1108 1308 p.
1132 1223 1171 1284 78
1196 1219 1316 1283 vertit:

173 1381 174 1386 ,
202 1331 276 1390 ‘das
300 1331 403 1390 δασεῖα
430 1337 520 1390 ναῖεν
550 1331 613 1404 aus
635 1331 691 1391 der
717 1329 823 1390 δαῖτ’.
849 1363 886 1373 -
922 1322 974 1388 Of.
993 1346 1025 1409 p.
1050 1325 1090 1386 23
1115 1329 1181 1386 not.
1206 1330 1238 1385 et
1261 1321 1316 1385 ΙΙΙ

202 1450 235 1513 p.
257 1429 296 1490 ’12
321 1426 429 1513 (Olsn.
455 1427 547 1490 1853.
571 1427 630 1512 8.).

282 1566 310 1639 s.
339 1561 498 1647 Harpoer.
522 1564 591 1645 180,
615 1565 655 1628 26
677 1561 922 1646 Δημοσθένους
944 1556 976 1625 δ’
1002 1558 1039 1624 ἐν
1061 1562 1107 1646 τῷ
1127 1552 1201 1623 κατ’
1223 1553 1315 1642 Ἀρι-

202 1665 411 1745 στογείτονος
432 1663 588 1745 λέγοντος
610 1653 729 1741 (οὗτος
751 1654 815 1728 ούν
837 1657 942 1728 αύτὸν
962 1658 1167 1744 ἐξαιρήσεται
1188 1655 1314 1743 ὁφαρ-

202 1760 325 1846 μακός’
345 1765 533 1847 Δίδυμος
556 1771 789 1852 προπερισιτοῖν
812 1761 901 1843 ιἰξιοῖ
915 1759 1074 1848 τοῦνομα.
1091 1763 1105 1850 ΙΙ
1120 1757 1196 1828 ἀλλ’
1218 1758 1314 1847 ἡμεῖς

202 1860 265 1948 ούχ
284 1860 429 1948 εὕρομεν
451 1861 540 1932 οὕτω
563 1891 630 1933 ιτον
652 1865 715 1951 την
731 1872 860 1952 χρῆσιν.

288 1984 340 2049 Cf.
368 1983 463 2049 Dem.
495 2009 522 2051 ο.
551 1987 696 2073 Αείεῖορ.
718 1988 735 2050 Ι
758 1990 809 2052 80.
854 1988 938 2051 Cum
958 1985 1217 2072 Harpocratione
1239 2006 1315 2048 0011-

202 2088 314 2151 cinunt
336 2085 428 2151 Suid.
453 2096 485 2151 et
504 2088 599 2152 Phot.
626 2093 698 2173 640,
719 2093 748 2153 3.
777 2089 965 2167 lix-eudem
987 2110 1019 2173 p.
1040 2089 1110 2167 640,
1130 2088 1148 2148 8
1172 2085 1316 2149 elucebit

202 2187 300 2251 etiam
325 2187 462 2275 Didymi
487 2192 650 2255 sententia
678 2191 811 2255 minime
839 2211 1010 2278 perversa,
1045 2208 1142 2275 quam
1174 2186 1246 2271 ille,
1281 2189 1315 2251 ni

202 2287 309 2370 fallor,
327 2292 512 2355 accuratius
535 2292 568 2354 in
591 2292 685 2356 libris
707 2294 964 2374 παρεφθορυίας
977 2289 1094 2366 λέξεως
1109 2289 1261 2374 exposuit
1276 2330 1312 2338 -

202 2391 360 2473 βραχέως.
390 2392 424 2454 οί
439 2387 476 2455 δὲ
489 2386 603 2468 Ἴωνες
624 2391 827 2468 ἐκτείνοντες
849 2394 984 2475 λέγουσι
1004 2394 1193 2474 φαρμᾶκον.
1218 2380 1314 2456 οὗτοι

157 2497 160 2504 “
203 2486 267 2572 γὰρ
291 2483 346 2553 διὰ
371 2485 522 2572 τὴντῶν
544 2488 727 2578 βαρβάρων
749 2498 916 2580 διοίκησιν
940 2489 1147 2576 ἐλυμήναντο
1163 2495 1222 2574 τῆς
1239 2495 1315 2558 δια-

203 2592 323 2656 λέκτου
345 2589 383 2655 τὸ
406 2590 560 2679 πάτριον,
584 2590 623 2659 τὰ
645 2596 758 2679 μέτρα,
780 2589 859 2672 τούς
881 2591 1033 2678 χρόνους.
1065 2593 1163 2674 δηλοῖ
1180 2589 1316 2660 καὶἹκ-

204 2696 326 2772 τωναξ.
371 2695 550 2760 Herodian.
577 2699 664 2783 apud
687 2697 807 2762 Aroad.
831 2698 871 2761 de
892 2718 960 2761 ααο.
983 2699 1033 2778 51,
1054 2695 1113 2758 9ss
1136 2694 1315 2778 φαρμακός

201 2797 331 2861 accinit.

286 2952 317 3009 μ.
343 2931 463 3002 Athen.
481 2933 533 2998 XI
552 2957 584 3020 p.
601 2936 702 3002 4861)
732 2940 1028 3016 Λυκιουργεῖς·
1047 2972 1091 2983 —-
1106 2932 1313 3016 μνημονεύει

204 3037 266 3099 τού
277 3031 439 3110 Λύκωνος
455 3041 567 3118 Δημο
579 3037 735 3119 σθένης
756 3035 792 3099 ἐν
815 3037 861 3121 τῷ
882 3031 957 3117 περὶ
976 3036 1039 3096 τού
1059 3034 1230 3116 στεφάνου
1249 3031 1314 3101 κᾶν

125 3159 127 3164 ’
204 3138 249 3221 τῷ
270 3131 353 3216 πρὸς
380 3131 550 3217 Τιμόθεον
571 3131 702 3220 ὕβρεως
726 3136 835 3219 λέγων
853 3130 961 3211 οὕτως
983 3131 1123 3218 ‘panitiae
1138 3141 1313 3219 Λυκιουρ-

205 3246 273 3317 γεῖς
295 3230 386 3298 δύο’.
435 3235 552 3323 [abieti
574 3238 708 3325 spuria]
755 3233 857 3320 ὅπερ
879 3233 1159 3319 ἐξηγούμενος
1179 3242 1313 3304 Δίδυ-

204 3359 278 3418 μος
305 3330 323 3399 ὁ
352 3333 636 3420 γραμματικὸς
664 3333 721 3415 τὰς
743 3333 809 3403 ύττδ
834 3341 964 3403 Λυκίου
985 3339 1067 3420 φησὶ
1087 3356 1314 3405 κατεσκευασ-

204 3437 315 3520 μένας.
348 3427 392 3520 tiu
411 3437 448 3503 δὲ
470 3428 570 3515 οὗτος
591 3432 627 3503 τδ
653 3437 749 3520 γένος
772 3434 928 3514 Βοιώτιος
949 3439 982 3516 ἐξ
999 3434 1219 3525 Ἐλευθερῶν,
1239 3435 1314 3519 ύιός

205 3535 376 3623 Μύρωνος
406 3542 468 3604 τού
497 3533 796 3623 ἀνδριαντοποιοῦ,
831 3534 876 3616 ὡς
904 3539 1068 3623 Πολέμων
1096 3541 1200 3625 φησὶν
1227 3543 1264 3607 έν
1292 3569 1314 3606 α

157 3717 171 3739 ⁸
204 3640 280 3723 περὶ
308 3635 533 3722 ἀκροπόλεως.
549 3640 563 3728 ΙΙ
579 3635 696 3722 ἀγνοεῖ
716 3635 750 3705 δ’
775 3636 793 3706 ὁ
818 3638 1061 3725 γραμματικός,
1088 3637 1140 3706 ὅτι
1161 3639 1222 3707 τὸν
1242 3667 1313 3710 τοι-

154 3749 159 3760 “
205 3746 307 3808 ούτον
325 3737 553 3826 σχηματισμὸν
573 3735 638 3805 ἀπὸ
662 3745 790 3826 κυρίων
809 3736 986 3826 ὀνομάτων
1008 3738 1071 3806 ούκ
1095 3737 1138 3806 ἄν
1153 3766 1202 3821 τις
1216 3741 1313 3829 εύροι

204 3841 423 3928 γιγνόμενον,
447 3835 522 3907 ἀλλ’
546 3837 610 3907 ἀπὸ
637 3841 770 3908 πόλεων
791 3836 811 3926 η’
834 3842 947 3922 ἐθνῶν
970 3849 1039 3908 κτλ.
1084 3845 1210 3910 Eadem
1232 3847 1312 3931 fere,

205 3945 263 4009 sed
285 3946 320 4008 in
341 3945 475 4008 brevius
497 3952 609 4009 coacta
629 3946 789 4033 Harpocr.
816 3948 890 4028 122,
915 3949 952 4008 14
975 3949 1208 4029 Λυκιουργεῖς.
1239 3955 1313 4031 Δη-

205 4045 375 4128 μοσθένης
396 4044 500 4132 ἐντῷ
522 4042 606 4129 πρὸς
625 4045 805 4131 Τιμόθεον.
844 4047 924 4111 Λίδ
931 4069 953 4109 ν
961 4043 1014 4130 μό
1022 4072 1038 4122 ς
1058 4062 1141 4129 φησι
1163 4047 1222 4125 τὰς
1244 4042 1311 4112 ὑπὸ

205 4151 266 4210 τοῦ
293 4149 423 4212 Λυκίου
452 4147 759 4231 κατεσκευασμένας
788 4147 910 4231 φιάλας
941 4150 1003 4210 τού
1029 4143 1201 4231 Μύρωνος
1233 4149 1313 4214 υίού

207 4240 304 4326 ὄντος
326 4251 490 4334 εἰρῆσθαι.
513 4250 526 4338 Ι]
548 4242 684 4336 ἀγνοεῖν
706 4244 742 4320 δὲ
765 4249 875 4317 ἔοικεν
891 4241 909 4314 ὁ
928 4243 1152 4335 γραμματικός
1174 4258 1207 4316 et
1228 4272 1259 4339 q.
1284 4272 1310 4318 ε.
