2894 4890
544 427 587 436 -
633 392 664 451 υ
691 351 744 436 ’-
1141 390 1200 451 ιοο

180 559 250 621 188.
295 550 316 640 ἡ
344 550 479 622 Ῥιανοῦ
508 553 564 620 καὶ
589 551 853 640 Ἀριστοφάνους
881 560 991 639 βοον
1018 555 1100 639 ἔπι,
1136 550 1200 620 οὐκ

91 653 265 742 άχαρίτως.
287 657 329 722 Α.
363 657 461 722 Adde
481 657 542 720 AB
570 655 608 722 έν
628 661 669 744 τῇ
689 661 754 744 Χία
777 653 814 722 δὲ
832 659 942 741 (30ko
963 656 1040 720 ἔτι.

180 762 250 823 195.
278 752 388 834 οὕτως
404 751 616 842 Ἀρίσταρχος
637 757 844 844 ἐρύεσθαι
869 757 969 840 χορὶς
987 761 1050 823 τοῦ
1072 760 1125 824 σε’.
1156 762 1198 826 A.

178 862 251 925 228.
270 855 482 942 Ἀρίσταρχος
499 854 587 925 ἀλλ’
610 855 679 926 ὅτε
700 860 761 944 δέ,
781 853 877 924 ἄλλοι
900 855 937 923 δὲ
958 852 1046 925 ἄλλ’
1067 855 1136 927 ὅτε
1151 862 1199 947 δή

92 958 149 1030 διά
170 967 232 1027 τοῦ
253 984 285 1044 η.
307 963 349 1025 A.
382 960 434 1026 cf.
456 961 496 1024 B.

179 1066 252 1128 255.
275 1057 384 1139 οὕτως
401 1057 629 1147 Ἀρίσταρχος,
652 1058 787 1127 πολλὰ
807 1057 853 1126 τά
870 1084 913 1126 τε
935 1061 1003 1126 καὶ
1024 1058 1137 1148 οόκί,
1159 1063 1200 1129 τά

92 1191 129 1233 τε
151 1175 223 1242 ταῖς
244 1159 418 1248 ἀληθείαις
438 1159 520 1230 ὄντα
542 1164 599 1229 καὶ
618 1161 676 1248 μή.
697 1159 738 1228 τὰ
758 1162 795 1229 δὲ
813 1158 1007 1247 φαυλότερα
1023 1170 1092 1230 των
1104 1161 1200 1232 άντι-

93 1265 237 1354 γράφων
254 1262 346 1331 έτεά
367 1267 434 1348 ἔχει
452 1268 626 1332 τουτέστιν
647 1261 769 1349 ἀληθῆ.
792 1266 834 1328 Α.
867 1265 919 1330 Of.
941 1267 1014 1331 AV.

178 1372 251 1433 259.
274 1362 383 1445 οὕτως
404 1369 441 1431 αί
456 1362 693 1451 Ἀριστάρχου·
716 1368 904 1449 διαιρετέον
925 1363 963 1432 τό
985 1364 1120 1455 σάκεϊ,
1144 1374 1201 1437 καί

89 1468 202 1548 Ἰακεθς
228 1467 267 1535 τό
294 1471 449 1535 ἔλασσε.
489 1467 546 1534 καὶ
573 1463 611 1533 τό
639 1470 743 1554 δινῷ
769 1466 806 1532 δὲ
834 1469 895 1545 ἔξω
921 1473 985 1534 τοῦ
1012 1494 1027 1535 ε
1051 1466 1117 1537 άπὸ
1137 1477 1200 1538 τοῦ

92 1576 263 1640 δινεῖσθαι
287 1565 453 1655 *δινωτὴν
471 1569 661 1654 φορέουσα’
683 1570 738 1659 (Π.
760 1574 799 1634 N
813 1571 901 1654 407).
923 1571 966 1634 A.

179 1677 252 1739 263.
274 1673 385 1758 ῥεῖα·
402 1669 612 1757 Ἀρίσταρχος
632 1673 693 1750 ἔξω
716 1675 778 1736 τοῦ
800 1699 813 1738 ι
834 1673 914 1758 ῥέα.
936 1676 979 1739 A.

181 1773 266 1862 [303.
287 1769 497 1860 Ἀρίσταρχος
519 1770 642 1858 γράφει
664 1768 771 1856 ὄφρα
791 1770 844 1858 μὴ
864 1769 1053 1860 ἄφαντος
1073 1776 1200 1863 γενεὴ

93 1875 333 1961 δμηθέντος
354 1871 515 1960 ὄληται.
533 1877 652 1965 Parim]

179 1981 252 2042 306.
277 1973 448 2063 ἤχθηρε·
471 1974 562 2062 παρὰ
580 1971 813 2061 Ἀριστοφάνει
833 1971 1023 2062 ἤχθαιρε.
1043 1982 1086 2045 A.

178 2082 251 2144 308.
282 2082 320 2144 αί
345 2077 402 2147 διὰ
432 2084 501 2146 τῶν
528 2077 661 2146 πόλεων
688 2083 895 2146 λίπωνται
923 2076 1013 2164 εἶχον
1040 2077 1115 2147 άντὶ
1138 2090 1201 2150 τοῦ

93 2183 308 2266 γένωνται.
329 2183 371 2247 A.

179 2285 251 2348 331.
285 2287 357 2348 καί
380 2308 450 2367 μιν
474 2277 684 2366 φωνήσας·
721 2278 811 2366 παρά
829 2279 1010 2372 Ζηνοδότφ
1037 2289 1107 2349 καί
1127 2310 1201 2369 μιν

94 2390 302 2469 νεικείων,
324 2381 415 2470 παρὰ
427 2381 543 2472 Ῥιανῷ
563 2379 634 2450 τὸν
653 2383 722 2448 καὶ
742 2388 947 2449 νεικείων.
970 2387 1012 2450 A.

179 2491 252 2554 332.
285 2482 479 2552 άτίοντα·
511 2481 619 2564 οὕτως
641 2487 679 2551 έν
705 2479 849 2563 άπάσαις
869 2481 1049 2552 άτέοντα
1068 2483 1201 2574 ἄφρον-

92 2593 281 2657 τιστοῦντα.
304 2590 346 2654 Α.

179 2695 252 2757 346.
284 2696 337 2780 τῷ
358 2685 391 2757 δ’
418 2690 594 2775 ἐφέηκα·
624 2689 662 2754 έν
683 2684 846 2778 άλλφτῷ
869 2689 1033 2773 ἐφέηκα.
1054 2692 1096 2756 A.
1138 2695 1201 2758 Re-

94 2795 176 2880 cepi,
196 2794 290 2880 quoii
304 2793 494 2878 adiungitur
515 2792 616 2857 schol.
635 2793 826 2857 Aristonici.

180 2895 265 2983 [385.
305 2889 413 2970 οὕτως
432 2887 550 2980 ρ’Τδης
575 2890 631 2959 διά
654 2898 716 2960 τοῦ
738 2897 776 2978 δ,
796 2897 855 2977 τῆς
878 2895 1018 2973 Λυδίας·
1043 2891 1142 2983 Ὕλης
1163 2896 1201 2963 δὲ

93 3003 150 3082 τῆς
164 3000 335 3074 Βοιωτίας.
355 2997 409 3086 Β.]

179 3100 264 3186 [395.
284 3099 571 3182 Δημολέοντα·
592 3093 700 3175 οὕτως
712 3091 932 3182 Ἀρίσταρχος.
952 3096 1041 3176 τινὲς
1062 3095 1100 3164 δὲ
1114 3107 1202 3185 Δηι-

94 3205 220 3270 λέοντα.
242 3202 295 3289 8.]

177 3308 249 3368 414.
273 3297 381 3379 οὕτως
402 3295 486 3367 κατὰ
508 3297 647 3385 γενικὴν
671 3303 1001 3384 παραΐσσοντος.
1024 3305 1066 3368 A.

176 3411 250 3472 426.
281 3401 494 3490 Ἀρίσταρχος
518 3397 608 3468 οὐδ’
633 3395 683 3467 ἂν
705 3404 765 3467 ἔτι
786 3397 881 3486 δήν,
909 3399 965 3466 διά
987 3408 1049 3468 τοῦ
1072 3400 1126 3470 ἅν.
1157 3407 1200 3472 A.

177 3513 250 3574 471.
280 3507 515 3590 ἐνέπρησεν
532 3501 712 3583 Φιλόξενος
733 3498 1020 3588 καλἈρίσταρχις.
1037 3508 1051 3592 [Ι
1066 3505 1142 3589 περὶ
1164 3505 1201 3571 δὲ

93 3619 149 3696 τῆς
181 3613 315 3695 γραφῆς
343 3602 560 3692 Ἀριστάρχου
587 3612 677 3694 [-χος
707 3606 773 3692 leg.
800 3606 917 3671 Lehrs.
940 3605 998 3670 Ar.
1020 3629 1052 3692 p.
1076 3610 1132 3692 24)
1163 3608 1202 3673 έν
1264 3685 1266 3688 ,

93 3711 250 3798 ποιήματί
271 3727 377 3795 φησιν
398 3703 522 3786 οὕτως·
545 3705 583 3772 τό
605 3700 686 3792 αἷμα
707 3703 773 3772 άπὸ
797 3711 860 3771 τοῦ
880 3703 1006 3791 ἥπατος
1028 3706 1200 3792 έκροόνιζε

92 3811 199 3897 χάδην
223 3811 279 3876 καὶ
307 3807 367 3875 τόν
392 3813 456 3874 τοῦ
479 3813 618 3894 χιτῶνος
643 3805 773 3876 κόλπον
795 3806 1014 3891 ἐνεφύσησεν.
1041 3808 1082 3872 A.
1121 3807 1200 3872 vid.

91 3915 145 3980 W.
167 3913 330 3978 Ribbeck.
352 3913 477 3977 Zenod.
499 3919 638 3998 quaesti.
660 3935 694 3997 p.
715 3915 745 3976 6.

175 4015 260 4104 [481.
283 4008 433 4097 πρόσθ’
457 4007 601 4097 ὁρόων.
624 4008 814 4096 Ζηνόδοτος
828 4011 929 4094 χωρὶς
949 4011 1012 4074 τοῦ
1029 4015 1057 4074 θ
1074 4001 1198 4089 πρόσ’

88 4110 233 4202 ὁρόων.
256 4115 311 4205 V.]
660 4141 666 4152 ·
