2866 4882
1140 381 1202 442 367

90 563 214 620 σιττος
236 543 342 629 (cuius
363 543 549 607 testimonio
572 544 673 608 utitur
692 543 856 630 Didymus
879 545 977 606 etiam
1002 565 1054 630 ap.
1067 544 1202 608 Bachm.
1233 588 1237 592 -

92 653 143 730 65,
168 652 203 709 11
238 667 270 708 v.
295 638 463 726 ἀλάστωρ)
492 642 528 708 δὲ
551 638 758 710 έν.Ήθικο5ν
781 643 909 732 δεκάτῳ
934 643 1020 730 (cod.
1043 639 1154 731 ἠθικῷ
1175 645 1202 730 ι’)

93 745 316 832 λογισάμενον
339 741 399 808 τὸν
421 741 532 825 Πάριν
553 748 655 810 τίνι-ον
679 748 731 811 dei
750 751 877 830 μᾶλλον
900 741 1113 831 ἀντέχεσθαι,
1141 769 1204 810 πο-

94 853 229 934 λεμικῆς
262 840 434 928 ἀσκήσεως
465 838 486 928 ἢ
516 845 675 930 ἐρωτικῆς
706 851 790 934 (miv
810 846 955 930 Nauck.)
990 839 1204 931 ἢβασιλικῆς

95 944 547 1040 (commentariensium),
571 951 689 1012 νεῦσαι
712 944 966 1031 cartapetam
988 951 1035 1025 εἰς
1056 943 1096 1012 τὰ
1119 947 1204 1032 ἐρα.-

95 1049 169 1120 trad
197 1051 252 1116 καὶ
279 1044 387 1122 οὕτως
412 1042 473 1111 τὸν
493 1046 570 1129 περὶ
588 1050 728 1129 κρίσεως
749 1051 865 1132 μῦθον
887 1054 1105 1134 συντεθῆναι.
1149 1050 1202 1114 Of.

57 1165 67 1180 '
94 1155 195 1220 schol.
219 1153 342 1240 Phoen.
372 1150 433 1214 687
461 1149 526 1213 vol.
546 1148 576 1212 V
603 1172 635 1235 p.
660 1153 721 1213 153
743 1151 857 1215 Matth.
882 1189 925 1199 —
947 1151 1082 1215 Talibus
1104 1152 1204 1236 igitur

95 1251 366 1340 explicationibus
389 1249 574 1316 fabularum
595 1252 801 1317 et.tritarum
830 1261 863 1316 et
884 1252 1124 1317 reconditarum
1146 1274 1204 1316 un·
1269 1267 1273 1276 *

96 1357 264 1441 decunque
285 1354 449 1437 congestis
473 1359 531 1437 (ex
549 1351 735 1434 Anticlidis,
757 1355 853 1439 puta,¹
866 1353 1022 1418 Mnaseas
1042 1354 1206 1418 Herodori

96 1453 281 1519 Philochori
297 1453 422 1540 Ephori
437 1454 515 1517 Istri
530 1453 720 1540 Lysimachi.
733 1453 890 1519 Nicandri
905 1455 1082 1542 Chrysippi
1096 1455 1204 1540 libris)

96 1559 174 1642 quin
196 1555 274 1638 ξένη
297 1555 425 1637 ἱστορία
441 1554 579 1642 Didymi
601 1556 723 1619 referta
744 1555 843 1622 suerit
862 1578 927 1620 non
945 1565 994 1620 est
1012 1557 1104 1642 quod
1113 1556 1205 1620 dubi-

95 1668 217 1739 temus3
238 1655 326 1742 quod
338 1665 564 1740 argumentum
579 1658 745 1740 attigimus
759 1679 790 1742 p.
805 1659 868 1720 280
886 1658 920 1720 in
932 1680 970 1721 ca
981 1659 1089 1743 operis
1103 1659 1207 1722 nostri

98 1759 137 1822 dc
159 1756 305 1843 Didymo
335 1758 505 1842 compositi
533 1767 640 1843 parte,
669 1759 703 1820 in
730 1758 856 1843 quade
879 1757 1045 1822 veteribus
1068 1761 1206 1843 tragico-

96 1881 168 1922 rum
191 1856 422 1943 interpretibus
444 1857 580 1922 (iraecis
603 1862 739 1943 egimus.
762 1897 805 1906 -
828 1859 981 1923 Ceterum
1003 1881 1069 1924 non
1090 1861 1149 1925 ahs
1171 1883 1207 1925 rc

99 1960 168 2023 fore
191 1958 299 2022 iudico
319 1956 382 2022 huc
403 1959 641 2023 transscribere
663 1959 865 2041 Quinctilian
887 1961 1090 2045 1.0.18‚19
1113 1969 1207 2028 ‘Nam
1258 2017 1259 2022 ,

98 2069 150 2140 ηνι·
169 2081 269 2124 omnes
288 2067 376 2126 etiam
403 2066 544 2139 iadipaas
562 2069 685 2125 tectione
708 2067 834 2126 schedas·
855 2070 968 2128 excutit
982 2070 1109 2130 amitibus
1131 2087 1208 2144 pao-

99 2184 155 2241 pae
173 2166 289 2238 fabalis
310 2169 536 2228 accommodare
556 2183 679 2241 operam
697 2173 800 2241 potest.
835 2168 925 2242 Atqui
941 2167 1026 2242 pleni
1042 2178 1110 2229 sam
1126 2174 1209 2231 aias-

98 2275 180 2333 modi
193 2271 406 2346 impedimentis
418 2271 681 2341 prammaticoram
694 2271 900 2355 commentarii
908 2272 959 2328 aix
969 2272 1049 2346 ipsis,
1064 2275 1117 2346 pai
1124 2289 1208 2332 com-

96 2380 268 2449 posuerant,
284 2375 357 2432 satia
378 2373 447 2430 aoti.
469 2368 546 2429 Nam
562 2370 698 2445 Didymo,
714 2385 771 2443 pao
784 2386 868 2428 nemo
885 2374 980 2444 plura
999 2375 1128 2447 scripsit,
1150 2391 1208 2433 ac-

99 2477 206 2536 cidisse
217 2479 398 2550 compertum
412 2478 462 2544 est,
486 2478 525 2543 at,
541 2487 631 2545 paam
647 2473 789 2531 historiae
809 2472 930 2530 amidam
948 2479 1098 2546 tamquam
1113 2492 1210 2534 vanae

100 2583 294 2651 repapmaret,
319 2577 412 2652 ipsius
430 2573 622 2648 proferretur
640 2573 723 2646 liber,
752 2573 886 2648 pateam
906 2575 1080 2635 continebat.
1126 2577 1211 2647 Quod

99 2680 194 2736 evenit
210 2679 376 2753 praecipue
390 2678 421 2734 ia
434 2675 688 2749 fabulosumque
702 2677 745 2734 ad
760 2678 938 2751 deridicula,
953 2678 1102 2753 quaedam
1121 2681 1209 2738 etiam

7 2801 13 2810 ,
97 2779 260 2853 paciencia:
286 2779 366 2838 ande
395 2778 607 2852 improbissima
632 2779 737 2851 cuique
763 2782 909 2853 pleraque
930 2782 1068 2854 βαρειᾶν·
1090 2783 1210 2840 lieentia

100 2887 156 2952 est,
177 2879 253 2938 adeo
275 2885 308 2938 at
325 2880 464 2962 delimis
484 2881 550 2938 totis
570 2885 599 2938 et
615 2880 791 2951 auctoritem,
813 2887 846 2940 at
864 2883 1211 2955 succurrit,‘meatiatar

101 2987 173 3048 tato,
204 2983 275 3055 qaia
296 2982 437 3054 inueniri,
461 2983 514 3054 pai
534 2997 694 3054 aampaam
711 2979 810 3053 suere,
833 2990 891 3042 νὀιι
907 2989 1038 3057 possunt.
1066 2972 1157 3042 ¹Nam
1178 2986 1210 3042 in
1300 3035 1301 3038 ,

100 3083 259 3142 notioribus
274 3082 514 3156 frequentissime
528 3082 793 3156 deprehendantur
807 3098 827 3141 a
840 3085 987 3143 cariosis?
1020 3080 1072 3145 cf.
1088 3079 1208 3144 Athen.

102 3179 150 3242 lV
177 3202 208 3264 p.
236 3181 294 3242 139
314 3178 351 3261 O,
379 3178 436 3243 ubi
457 3178 546 3244 haud
576 3181 643 3241 seio
666 3199 708 3240 an
734 3176 790 3242 dmi
819 3179 856 3244 τὸ
886 3185 1017 3264 πλῆθος
1043 3182 1123 3246 ferri
1144 3203 1210 3246 non

101 3281 217 3365 possit,
245 3302 424 3367 verumque
451 3281 494 3344 sit
521 3277 752 3362 Βιβλιολάθαν
784 3277 840 3346 διὰ
866 3279 904 3347 τὸ
932 3288 1054 3366 tribes,
1089 3282 1208 3346 deinde

102 3383 171 3445 ἐστι
194 3377 257 3464 γὰρ
280 3377 317 3446 τὸ
344 3386 485 3464 πλῆθος.
529 3380 617 3460 Quid
650 3383 776 3446 multa?
816 3385 939 3469 Ecquis
973 3385 1025 3448 his
1058 3383 1210 3470 perlectis

101 3482 228 3547 dubitet
255 3485 334 3570 quin
360 3482 536 3570 Didymus,
553 3482 587 3547 in
616 3482 752 3547 historia
775 3484 916 3549 fabulari
943 3486 1014 3571 ipse
1038 3484 1211 3547 tradiderit
1284 3484 1286 3490 ’

81 3683 212 3770 ’τρέφον
228 3706 299 3772 (cod.
320 3706 352 3772 ιο)
373 3721 408 3771 ap
425 3705 476 3772 (sic
494 3705 565 3768 cod,
583 3722 638 3756 non
660 3707 798 3770 expiscer3
817 3707 880 3758 fort.
900 3697 1000 3772 ἁγνὸν)
1020 3697 1051 3755 έν
1069 3700 1175 3762 νάπαις
1191 3705 1195 3770 Ι

102 3787 207 3857 στήτην
226 3792 298 3858 (cod.
318 3807 433 3857 αγενναι
456 3788 490 3856 τὴ
509 3806 534 3840 ει
552 3783 619 3856 τήν,
640 3792 737 3842 deinde
752 3789 803 3856 τῆς
813 3783 891 3858 Ἴδης
911 3809 1052 3859 perperam
1069 3809 1084 3842 e
1101 3807 1212 3857 praece-

102 3879 229 3930 dentibus
247 3879 387 3945 iteratum)
406 3863 593 3944 τριοέέμιτιον
612 3867 697 3944 ἅρμα.
719 3877 745 3945 [x
756 3907 830 3919 ——
843 3896 861 3930 ν
873 3896 891 3930 ν
899 3909 932 3918 -
943 3897 961 3930 ν
971 3897 989 3930 ν
1003 3909 1035 3918 -
1049 3897 1106 3929 v-
1116 3895 1176 3928 o-
1191 3877 1196 3946 Ι

101 3980 273 4014 --νν-
286 3981 375 4014 νν-
387 3964 426 4031 ν].
441 3967 508 4015 Ηοε.
524 3957 670 4030 στήτην·
690 3959 826 4030 ἔστησαν·
840 3965 955 4026 ducenis.
974 3970 1039 4019 Hes.
1053 3959 1210 4033 τριολύμ-

101 4067 188 4101 τιον
207 4041 247 4117 dp
254 4065 313 4117 μα·
333 4043 364 4101 τὰ
384 4043 413 4101 έν
431 4048 518 4117 τριῶν
537 4044 722 4116 ὀλυμπιάδων
740 4052 814 4124 (σον)
829 4044 1001 4119 έζενημένον,
1024 4055 1060 4104 cf.
1073 4055 1139 4103 Hes.
1155 4049 1211 4111 ζεῦ-
1258 4081 1261 4090 ·

102 4151 151 4202 νος
167 4129 374 4204 τριπάρθενον,
395 4167 428 4176 -
447 4139 590 4190 Certamen
608 4139 815 4203 pulchritudinis
832 4141 973 4190 mulierum
991 4141 1091 4204 primus
1111 4140 1211 4204 Cypse-

100 4224 144 4274 lus
167 4226 234 4275 urhe
252 4225 287 4274 ad
305 4225 437 4291 Alpheum
462 4226 572 4275 condita
594 4225 727 4287 instituit,
759 4226 839 4276 Nicia
857 4231 928 4282 teste
951 4228 978 4275 in
1002 4225 1142 4274 Arcadicis
1165 4241 1208 4288 ap.

101 4295 201 4362 Athen.
220 4312 289 4362 XIII
307 4328 333 4376 p.
353 4312 405 4380 609
424 4313 447 4362 Ε
462 4328 522 4376 sqq.
