2752 4890
172 353 232 413 150
416 376 420 382 ·
625 351 829 412 -N-

254 521 327 582 485.
362 511 471 594 οὕτως
498 516 534 580 ai
566 512 782 600 Ἀριστάρχου
821 510 877 580 διά
906 519 968 580 τοῦ
1004 535 1028 580 τι
1063 513 1127 581 ε’τιὶ
1154 520 1286 604 θυμῷ,

173 617 247 687 άντὶ
275 623 336 686 τοῦ
365 618 415 684 ἐνὶ
433 621 544 705 θυμῷ.
574 617 629 682 καὶ
651 622 755 684 πόσαι
778 612 887 695 οὕτως
908 612 1010 701 είχον.
1033 615 1088 682 καὶ
1111 618 1149 682 ἐν
1167 613 1288 684 Ὀδυσ-

173 728 245 812 σείηι
272 724 317 788 ἐί
341 716 407 804 γὰρ
435 715 523 803 έγάν
557 714 646 784 οὕτω
675 720 751 797 νέος
779 726 852 803 είην
880 723 926 807 τῷ
957 714 989 785 δ’
1016 717 1069 784 έτιὶ
1096 723 1217 807 θυμηΡ
1249 724 1287 808 (τι

174 826 239 913 99).
262 820 453 908 Ζηνόδοτος
471 819 508 886 δὲ
531 816 757 906 ὁμηλικίην
779 821 845 888 σὺν
866 826 912 909 τῷ
933 845 955 887 ν
977 823 1135 906 ἔγραφεν.
1157 824 1200 888 A.

257 928 330 989 499.
353 923 497 1006 ἔξοχον
520 917 672 989 άλίων·
694 919 802 1002 οὕτως
823 923 879 989 διὰ
897 926 959 988 τοῦ
980 945 1000 986 ν
1023 925 1170 1006 ἔξοχον
1202 918 1295 989 ἅττα»

174 1044 239 1092 σαι.
263 1025 305 1091 A.
327 1025 376 1108 [οί
393 1023 429 1090 δέ
452 1026 589 1108 ἔξοχοι
610 1021 762 1109 ἄλλων,
788 1027 822 1090 oc
842 1025 878 1090 δὲ
897 1027 1046 1108 ἔξοχον
1069 1019 1212 1102 άλλως.
1235 1026 1286 1102 V.]

258 1129 331 1192 502.
357 1130 531 1208 πρῶτος·
559 1121 580 1210 ἡ
608 1122 885 1210 Ἀριστοφάνειος
908 1123 1113 1208 πρόσθεν·
1142 1126 1199 1192 καὶ
1226 1126 1288 1212 μή·

175 1251 255 1296 τοτε
273 1229 415 1314 βέλτιον.
440 1225 603 1311 πρότερος
625 1225 690 1314 γάρ
710 1223 752 1295 άν
772 1225 874 1296 εἶπεν.
895 1230 937 1297 A.
995 1249 998 1252 ·

257 1335 330 1396 541.
354 1325 462 1409 οὕτως
481 1327 693 1418 Ἀρίσταρχος
713 1333 814 1416 χωρίς
834 1336 896 1398 τοῦ
919 1359 938 1397 ι.
970 1332 1054 1396 ἔνιοι
1082 1328 1119 1394 δέ
1141 1333 1287 1396 Αίνεί-
1331 1414 1334 1422 Ι

175 1459 221 1512 ας
242 1428 274 1499 δ’
295 1427 486 1518 Ἀφαρῆα.
507 1436 549 1499 Α.

262 1539 335 1600 546.
358 1529 451 1600 άττό·
475 1533 663 1620 Ζηνόδοτος
685 1532 764 1601 διά.
792 1536 835 1600 Α.

258 1640 331 1716 551.
356 1632 546 1718 Ζηνόδοτος
575 1636 630 1702 καὶ
657 1631 900 1720 Ἀριστοφάνης
931 1630 987 1700 διὰ
1015 1637 1077 1700 τοῦ
1104 1658 1125 1698 α
1156 1655 1288 1721 παρα-

118 1725 123 1735 “
178 1738 279 1802 σταδ
286 1733 342 1800 όν.
364 1737 406 1802 A.
512 1796 516 1804 .
1141 1811 1142 1814 χ

262 1840 335 1904 584.
359 1833 614 1925 ὁμαρτητην·
637 1834 1122 1926 Ἀρίσταρχοςὸμαρτήδην,
1146 1832 1193 1917 ὡς
1210 1836 1290 1924 τμη-

180 1943 253 2025 δην.
277 1941 320 2006 A.

264 2046 337 2106 594.
375 2035 482 2118 οὕτως
517 2031 539 2129 ᾖ
575 2038 607 2128 ῥ’
650 2044 716 2125 ἔχε
747 2038 828 2126 μετὰ
861 2045 923 2107 τοῦ
957 2067 969 2106 ι
1005 2044 1041 2107 αί
1064 2037 1291 2125 Ἀριστάρχου.

180 2144 249 2208 ἔστι
272 2142 348 2227 γάρ,
371 2139 450 2208 καθ’
475 2137 497 2207 δ
516 2147 615 2228 μέρος
638 2155 799 2228 κατεῖχεν,
820 2138 865 2222 ὡς
882 2143 935 2210 έττὶ
956 2147 1017 2209 τοῦ
1038 2133 1073 2230 *η’
1095 2137 1129 2228 ῥ’
1157 2144 1209 2209 ίδε
1231 2168 1291 2227 γυ-

179 2247 370 2329 μηνυθέντα
402 2246 456 2333 (Il.
486 2251 526 2311 M
554 2248 640 2335 389).
671 2243 758 2324 τινὲς
784 2244 821 2311 δὲ
856 2242 940 2312 ἄνευ
970 2249 1031 2310 τοῦ
1063 2271 1075 2310 ι
1104 2242 1293 2331 γράφοντες

180 2342 234 2432 ἐφ’
254 2342 335 2430 όλης
358 2352 417 2430 τῆς
436 2344 546 2431 χειρός
565 2349 718 2432 δέχονται
738 2345 774 2413 τό
791 2346 986 2433 λεγόμενον,
1010 2342 1072 2431 τὴν
1087 2347 1294 2431 κατέχουσαν

180 2446 217 2516 τό
241 2446 340 2526 τόξον
361 2461 462 2533 χεῖρα.
486 2452 528 2517 A.

268 2554 341 2615 599.
363 2549 602 2639 έϋστρόφςο·
630 2546 842 2635 Ἀρίσταρχος
876 2553 1124 2635 ἐϋστρεφεῖ,
1156 2546 1203 2629 ὡς
1229 2547 1293 2620 άπό

180 2655 243 2717 τοῦ
265 2651 461 2738 έῦστρεφης.
485 2654 527 2719 A.
1342 2708 1350 2716 .

266 2759 338 2821 699.
363 2754 431 2820 καὶ
459 2755 643 2820 ἐέλπετο·
667 2751 858 2837 Ζηνόδοτος
878 2755 983 2837 μέγα
1006 2748 1039 2816 δ’
1063 2748 1225 2836 ἤλπετο.
1252 2757 1293 2822 Α.

194 2897 196 2902 -
268 2861 339 2924 613.
362 2858 575 2942 ἐφίκοντο
599 2851 707 2933 οὕτως
726 2850 952 2938 Ἀρίσταρχος·
976 2851 1071 2920 ἄλλοι
1094 2851 1130 2920 δέ
1151 2852 1296 2940 άφίκε-

181 2967 298 3024 σθον.
319 2955 560 3043 Ἀριστοφάνης
582 2958 618 3024 δέ
634 2953 883 3040 άφικέσθην.
906 2957 948 3022 A.

268 3064 342 3125 617.
365 3055 473 3138 οὕτως
492 3061 617 3126 τιέσον
640 3061 677 3124 ιιί
694 3045 911 3143 Ἀριστάρχου
933 3053 990 3124 διὰ
1011 3061 1074 3123 τοῦ
1098 3081 1134 3140 0,
1165 3053 1211 3137 ὦς
1229 3060 1303 3125 ἐκεί

184 3154 243 3237 1σός
264 3164 333 3225 τόν
358 3160 394 3226 έκ
416 3166 538 3246 χειριόν
560 3165 658 3247 βέλεα
675 3160 777 3248 ῥέον.
802 3165 859 3247 (M
878 3163 952 3248 159)
976 3161 1017 3226 A.

268 3265 341 3328 627..
367 3259 457 3346 παρ’
480 3259 600 3350 αὐτῇ·
635 3265 736 3347 διχιός
767 3263 803 3328 αἱ
816 3258 1053 3347 Ἀριστάρχου,
1082 3264 1138 3329 καὶ
1156 3258 1220 3329 διάΙ
1236 3270 1300 3331 τοῦ

184 3389 211 3450 ε,
235 3385 309 3449 περ
331 3359 442 3452 αὐτῇ.
466 3366 508 3430 A.
1084 3421 1085 3424 ,
1265 3446 1270 3454 1

264 3470 336 3532 657.
358 3460 581 3545 Ἀπολλώνιος
603 3462 621 3533 ὁ
646 3463 770 3545 Ῥόδιος
799 3468 836 3534 έν
865 3471 912 3556 τῷ
934 3459 1019 3550 πρὸς
1040 3463 1236 3548 Ζηνόδοτον
1261 3468 1306 3546 ές

65 3589 67 3594 ·
183 3569 339 3650 δίφρον
361 3561 603 3646 ἀναθέντες.
625 3570 667 3635 A.

265 3670 337 3733 692.
359 3664 448 3735 οὕτω
471 3670 617 3755 Μέγης
640 3672 701 3748 ἔξω
723 3675 783 3736 τοῦ
805 3670 853 3735 τέ.
879 3665 920 3734 οὐ
942 3666 1007 3754 γάρ
1022 3671 1212 3755 ’Φυλείδης
1235 3671 1278 3736 A.

270 3772 342 3835 702.
372 3767 503 3838 ἵστατ’
533 3768 600 3838 ἄττ’
633 3779 829 3850 Αίαντος·
861 3769 1051 3854 Ζηνόδοτος
1076 3767 1208 3854 χάζετ’
1236 3767 1300 3839 ἀπ’

184 3881 214 3938 Α
225 3878 378 3950 ίαντος.
401 3874 444 3939 A.

269 3979 354 4054 [705.
379 3971 511 4053 τιοίός
530 3970 561 4040 δ’
586 3971 826 4061 ἀνακηκίει·
853 3973 1042 4060 χωρὶς·τοῦ
1063 3973 1110 4040 δέ
1128 3976 1165 4040 αἱ
1183 3980 1298 4042 πᾶσαι.

183 4080 237 4154 V.J
261 4075 360 4160 χωρὶς
379 4081 440 4142 τοῦ
463 4102 487 4141 ν-
506 4073 721 4160 άνεκηκίει
751 4079 806 4143 καὶ
825 4074 881 4143 διά
903 4081 965 4143 τοῦ
984 4103 1004 4142 ι.
1028 4077 1068 4142 A.

269 4183 341 4243 713.
365 4193 455 4262 σφι·
475 4174 583 4257 οὕτως
601 4176 811 4265 Ἀρίσταρχος
824 4180 931 4264 χωρίς
953 4183 1015 4246 τοῦ
1038 4203 1069 4263 ν,
1092 4196 1183 4262 σφι·
1208 4173 1299 4265 Ἀρι-

186 4277 356 4364 στοφάνης
379 4276 415 4345 δέ
437 4277 502 4347 σὺν
522 4286 615 4369 τῷν.
640 4283 682 4346 A.
