2858 4882
214 357 276 422 396
317 351 322 362 ’

214 519 293 598 τούς
312 516 454 610 ᾅδοντας
477 516 590 610 κύκλῳ
611 530 780 588 κινεῖσθαι
803 524 877 607 περὶ
899 524 959 589 τὸν
980 523 1115 612 βωμόν,
1138 531 1324 611 σημαίνονι

214 651 271 702 τας
293 621 356 708 την
378 625 439 689 τού
462 616 559 707 ἡλίου
582 625 668 711 (cod.
692 627 786 710 βίον,
807 649 890 690 corr.
911 627 1033 713 Boios.)
1055 631 1207 711 κίνησιν·
1232 624 1328 694 ἀντί-

214 747 361 810 στροφος
384 725 420 790 δὲ
446 720 535 806 παρὰ
564 721 600 788 τὸ
624 719 895 809 ἀναστρέφοντας
920 723 1044 806 αύτούς
1066 724 1251 812 εὐρύθμως
1272 753 1326 794 κι-

214 835 357 894 νεῖσθαι.
402 821 581 912 ᾐνίσσοντο
605 822 641 890 δὲ
664 822 720 890 διδ
741 824 865 892 τούτου
886 825 947 912 τὴν
975 835 1037 896 τού
1059 826 1156 916 ἡλίου
1178 833 1325 915 κίνησιν,

214 924 328 1013 ἐπειδὴ
352 924 414 1013 τὴν
431 929 587 993 ἐναντίαν
608 915 707 1004 οὗτος
726 930 821 992 δοκεῖ
830 931 876 1014 τῶ
898 926 1012 1018 κόσμῳ
1029 939 1211 997 ποιεῖσθαι.
1236 931 1326 1019 ἐπῳ-

214 1030 271 1108 δὸς
301 1031 354 1114 δέ,
385 1025 499 1113 ἐπειδὴ
527 1025 699 1112 ίστύμενοι
727 1025 869 1114 ἐπῇδον,
900 1029 956 1094 διὰ
984 1035 1084 1095 τοῦτο
1110 1028 1146 1096 τό
1176 1034 1326 1117 ἔμμονον

213 1133 265 1198 καὶ
289 1128 427 1213 στερεὸν
453 1136 510 1214 τῆς
539 1134 600 1214 γῆς
622 1132 847 1209 παριστῶντες
874 1131 931 1216 (of.
959 1131 1076 1201 Galen.
1100 1135 1138 1199 Τ.
1168 1135 1239 1222 Ip.
1263 1139 1326 1200 556

214 1235 265 1300 ed.
284 1236 362 1298 Bas.
390 1233 544 1298 Oratand.
572 1231 678 1317 1588).
725 1227 813 1311 λύρα
842 1234 960 1296 τοίνυν
982 1232 1246 1321 προσηγορεύθη
1270 1234 1325 1306 διὰ

213 1333 249 1402 τὸ
274 1334 406 1420 λύθρον
426 1328 493 1399 ὑπὸ
510 1327 632 1417 Ἑρμοῦ
654 1329 817 1398 δεδόσθαι
833 1337 890 1416 τῆς
908 1334 1038 1417 ’κλοπῆς
1052 1340 1120 1400 τῶν
1146 1341 1240 1421 βοῶν
1263 1341 1326 1401 τοῦ

209 1433 427 1520 Ἀπόλλωνος,
448 1432 603 1517 καθάπερ
627 1432 730 1516 φησίν
746 1428 932 1518 Εὐριπίδης
951 1435 988 1499 ἐν
1006 1431 1164 1524 Ἀντιόπη
1189 1439 1324 1526 (fragm.

163 1573 165 1576 ·
214 1543 252 1604 28
276 1540 412 1625 Wagn.)
438 1534 544 1621 ‘tripu
566 1538 659 1621 βοῶν
680 1530 768 1620 pora
792 1536 867 1622 (sic)
890 1536 1112 1624 ἐξεβρύσατο.’

296 1641 343 1705 At
361 1640 443 1703 haec
465 1639 638 1725 quominus
658 1658 678 1699 a
700 1636 846 1724 Didymo
867 1639 1014 1724 profecta
1037 1664 1108 1705 esse
1130 1649 1323 1726 statuamus,

212 1743 348 1830 impedit
369 1742 490 1804 iniecta
511 1739 691 1803 Ptolemaei
712 1742 879 1823 memorie,
901 1743 1050 1827 quamvis
1072 1741 1159 1820 haud
1183 1765 1326 1828 negave-

210 1846 273 1909 rim
297 1841 519 1907 Ptolemaeum
549 1841 688 1904 fortasse
711 1841 852 1927 Didymi
885 1842 925 1904 de
954 1842 1066 1928 lyricis
1094 1845 1200 1929 poetis
1233 1845 1326 1909 volu·
1415 1864 1417 1868 ’

209 1947 297 2011 mine
321 1967 415 2009 usum
444 1965 526 2008 esse.
571 1943 624 2006 De
644 1943 805 2038 hysania,
833 1943 888 2029 qui
919 1945 1011 2008 testis
1036 1945 1245 2030 producitur,
1282 1947 1324 2010 ci.

212 2050 384 2133 Thrigium
406 2048 440 2110 in
462 2046 634 2133 Cyrenaic.
668 2049 687 2126 ξ
711 2047 750 2108 93
772 2068 804 2130 p.
825 2049 885 2109 354
916 2069 986 2132 sqq.
1040 2046 1128 2125 Quid
1156 2049 1326 2134 scripserit

210 2152 393 2215 accuratius
423 2149 574 2234 exposuit
599 2146 714 2210 Aelius
738 2147 856 2211 Festus
885 2147 1092 2234 Aphthonius
1116 2172 1148 2234 p.
1181 2152 1239 2213 241
1273 2151 1323 2214 ed.

211 2253 335 2318 (θεᾶσθε
359 2248 478 2334 εμέλος
499 2258 619 2332 autem,
641 2249 728 2335 quod
748 2271 790 2313 ex
810 2248 861 2313 his
884 2252 1039 2334 nascitur,
1064 2251 1187 2316 dictum
1207 2261 1326 2337 putant

210 2377 230 2418 a
247 2352 370 2418 Melino
384 2353 508 2417 Oceani
528 2350 606 2433 filia,
627 2373 722 2436 quam
747 2352 885 2437 primam
897 2351 947 2415 IV
968 2351 1098 2416 chordis
1120 2375 1213 2416 usam
1236 2353 1325 2416 affir-

209 2464 276 2520 mat
301 2455 494 2542 Lysanias.'
539 2453 614 2518 Huc
640 2454 782 2540 pertinet
809 2454 908 2516 etiam
931 2451 1038 2517 Crem.
1056 2455 1195 2518 anecdd.
1219 2455 1285 2518 Ox.
1308 2456 1324 2519 Ι

209 2582 240 2644 p.
261 2560 333 2640 285,
361 2578 425 2643 quo
447 2555 577 2620 deloco
600 2556 671 2620 dixi
694 2556 727 2618 in
749 2555 870 2640 dithyr.
890 2578 923 2641 p.
939 2556 990 2618 85.
1011 2593 1054 2624 ε
1077 2556 1236 2620 Eiusdem
1259 2556 1324 2644 Ly·

212 2662 323 2724 saniae
344 2659 576 2741 meminerunt,
610 2659 644 2721 ni
673 2656 787 2738 fallor,
820 2656 909 2721 Suid.
947 2677 973 2720 s.
1007 2679 1038 2719 v.
1070 2649 1322 2739 Ἐρατοσθένης.

210 2761 310 2846 Diog.
326 2761 386 2826 La.
407 2760 456 2824 VI
471 2765 500 2843 5,
515 2763 554 2823 23
578 2759 698 2824 Athen.
722 2759 788 2822 VII
811 2783 843 2847 p.
865 2761 925 2822 304
947 2758 1043 2822 ΒΧΙ
1064 2782 1096 2843 p.
1115 2762 1176 2822 504
1199 2759 1325 2823 BXIV

209 2887 241 2949 p.
255 2867 317 2928 620
341 2863 367 2928 O
394 2861 495 2927 schol.
515 2863 611 2926 Voss.
634 2863 731 2926 Hom.
754 2861 794 2925 Il.
817 2866 838 2925 1
859 2863 920 2925 378
939 2861 1119 2925 Herodian.
1143 2860 1183 2924 Il.
1207 2865 1342 2925 [1558-

212 2966 328 3051 (Wolf.
347 2965 430 3051 prol.
446 2964 627 3029 CXXXVI
646 2963 762 3028 Lehrs.
778 2964 881 3027 Arist.
900 2987 932 3049 p.
948 2963 1023 3047 323)
1048 2970 1089 3026 et.
1104 2958 1155 3026 m.
1180 2967 1255 3046 779,
1278 2963 1323 3026 92

210 3070 288 3148 257,
312 3070 352 3130 36
380 3065 531 3130 Eustath.
563 3069 643 3130 1099
674 3065 787 3152 (1075)
814 3065 891 3128 Bas.
922 3063 1030 3128 annal.
1060 3062 1214 3127 Heidelb.
1243 3067 1324 3128 1817

208 3190 240 3253 p.
264 3170 336 3231 425.

733 3287 792 3367 10.
826 3327 829 3330 ·

479 3487 480 3490 Ἴ
573 3398 677 3498 Περὶ
698 3418 943 3502 παροιμιῶν.

252 3607 253 3610 “
296 3574 356 3637 ‘In
377 3573 470 3638 libris
489 3571 736 3658 proverbiorum
758 3571 934 3656 Didymus,
963 3589 1043 3653 quos
1067 3569 1326 3654 concinnaverat

207 3672 373 3753 tredecim,
397 3664 598 3756 superiorum
620 3671 750 3734 videtur
771 3669 974 3732 narrationes
998 3689 1096 3753 saepe
1115 3667 1267 3732 dissonas
1292 3677 1324 3731 et

207 3777 347 3841 absonas
371 3770 555 3836 convellere
577 3772 768 3836 instituisse.
798 3771 838 3834 Id
860 3769 947 3857 quod
967 3767 1021 3832 vel
1044 3792 1087 3833 ex
1105 3770 1322 3856 inscriptione

207 3872 319 3938 claret.
364 3871 537 3936 Heliadius
559 3872 668 3936 Photii
698 3896 730 3958 p.
755 3875 833 3956 865,
868 3875 907 3935 22
940 3871 1114 3936 Hoeschel.
1145 3870 1231 3957 [cod.
1260 3875 1322 3936 279

206 3996 238 4060 p.
253 3977 314 4037 530
334 3997 353 4038 a
373 3978 409 4037 10
428 3973 549 4062 Beira]
574 3968 625 4038 ὅτι
646 3977 832 4057 Δίδυμος
854 3973 929 4055 περὶ
950 3977 1138 4056 παροιμιῶν
1162 3976 1323 4056 δεκατρία

208 4080 322 4161 βιβλία
353 4075 531 4157 συντέταχα
567 4075 645 4163 [καί]
679 4072 786 4155 πρὸς
819 4072 920 4152 τούς
953 4075 1046 4156 περὶ
1081 4081 1324 4160 παροιμιῶν

206 4172 513 4259 συντεταχύτας
541 4175 776 4260 ἐπιγράψας
798 4173 932 4242 αύτοί.’
979 4176 1222 4242 Schneidewini
1247 4187 1323 4241 sunt

205 4278 307 4342 verba
317 4280 352 4342 in
360 4280 464 4363 praef.
477 4279 519 4343 ad
529 4302 672 4367 paroem.
685 4279 750 4344 vol.
767 4280 912 4368 Ip.x1v.
949 4278 1006 4344 Of.
1026 4277 1118 4344 Suid.
1141 4275 1320 4365 Ζηνόβιος.
