2866 4882
1150 397 1213 459 345

102 559 323 632 Η555515555.
344 598 386 612 -
404 559 550 647 Hesych.
572 559 590 623 I
611 582 643 645 p.
661 561 722 624 548
745 551 1022 644 ἆρπεδόεσοα·
1047 558 1214 648 ίσόττεδος,

10 719 14 724 ,
102 655 221 746 ὁμαλή.
245 661 262 724 Ι
284 683 316 748 p.
343 664 423 726 1442
445 657 696 745 ἐραεδόοσα·
719 660 885 738 ἐπίπεδος.
908 662 925 726 Ι
945 685 977 750 p.
1000 667 1063 730 548
1084 659 1214 748 ἀρτε-

102 759 221 828 δόεν·
244 756 382 846 ὁμαλόν.
406 763 423 828 Ι
443 787 476 850 p.
499 765 560 828 548
584 755 825 842 ἁρπεδίσαι·
849 758 1017 849 ὁμαλίσαι,
1037 764 1212 849 ἐδαφῆσαι.

102 865 166 951 Ι5.
185 866 246 927 549
269 857 463 947 ἆρττίδες·
484 858 603 948 ὁμαλά,
625 865 680 930 καὶ
702 865 861 949 κρηπῖδες
882 859 903 949 ἢ
923 860 1122 951 ὑποδήματα
1144 867 1215 934 Λά-

103 987 218 1042 κωνες.
239 964 257 1028 I
278 987 310 1050 p.
337 970 412 1030 1541
440 964 601 1050 ίφεδίς·
623 964 792 1048 ἐπίπεδον,
816 964 987 1052 ταπεινόν,
1006 973 1115 1053 χαμαί.

186 1066 265 1131 Alia
292 1069 399 1132 sciens
421 1069 658 1154 praetermitte,
688 1091 715 1133 e.
739 1091 771 1152 g.
792 1062 971 1152 Ἀφροδίτη
993 1080 1034 1136 54.
1057 1095 1100 1138 m.
1125 1073 1212 1138 Gud.

102 1168 263 1255 Angels.
275 1191 307 1232 v.
322 1167 430 1234 Crem.
449 1168 586 1234 anecdd.
601 1169 664 1234 Ox.
678 1169 695 1232 I
708 1172 758 1252 37,
768 1173 806 1234 31
821 1171 944 1253 βεύδος
961 1180 1003 1236 54.
1021 1194 1064 1236 m.
1078 1177 1149 1257 195,
1162 1177 1214 1258 49,

102 1272 160 1336 551
182 1270 337 1357 deinceps
357 1270 532 1336 laudantur
560 1271 725 1358 Didymus
748 1271 955 1336 Herodianus
977 1272 1214 1358 Diogenianus,

105 1374 223 1454 γείτων
246 1379 288 1436 54.
312 1371 542 1456 (15512212
564 1367 706 1456 ὄχεσφιν
727 1383 769 1438 54.
792 1395 834 1438 m.
859 1379 931 1458 645,
949 1377 968 1438 2
990 1361 1096 1439 dcciv
1115 1377 1215 1463 Apol-

103 1473 168 1537 lon.
196 1472 334 1556 11569,
358 1476 395 1536 15
425 1473 534 1540 Bekk.
562 1475 704 1561 reliqua,
730 1496 813 1561 quae
842 1476 1020 1541 secundum
1046 1476 1214 1541 literarum

104 1575 251 1640 ordinem
276 1573 404 1658 digesta
425 1583 523 1661 caput
536 1575 568 1640 V
586 1573 730 1639 efficient
750 1576 956 1664 inscriptum:
978 1578 1215 1644 ε15555455551

104 1675 222 1743 dubiae
244 1675 332 1741 55515
354 1675 568 1761 fragmenta)

249 1995 353 2082 Περὶ
381 2000 449 2082 τῆς
474 2000 581 2085 παρὰ
604 1995 817 2084 Ῥωμαίοις
842 1995 1071 2084 ἀναλογίας

626 2122 685 2157 Sive

482 2187 542 2252 De
571 2187 833 2273 latinitate1).

188 2301 261 2367 Hoc
285 2325 365 2388 opus
393 2305 609 2386 5555555155
631 2304 810 2370 Ritschelio
832 2304 978 2391 Didymo
999 2302 1214 2369 Chalcentero

102 2403 265 2469 vindicari
287 2404 364 2469 1555
386 2414 485 2490 55454,
508 2407 595 2494 quod
609 2407 644 2471 in
661 2405 773 2472 libello
791 2406 987 2470 nitidissimo
1003 2411 1070 2470 ‘die
1081 2399 1215 2470 alexanss

103 2510 276 2571 driaischoo
304 2509 526 2572 Bibliothelcen'
554 2532 586 2595 p.
612 2512 671 2573 149
699 2507 913 2572 Heliodorum
937 2507 1108 2571 metricum
1130 2507 1216 2593 apud

103 2606 284 2693 Didymum
305 2607 467 2671 Prisciani
491 2607 527 2673 II
550 2620 589 2695 5.·
606 2612 667 2674 394
694 2610 754 2674 Kr.
785 2608 952 2672 laudatum
986 2630 1028 2672 ex
1056 2607 1118 2672 hoc
1144 2609 1215 2694 1555

104 2708 175 2774 1555
198 2719 273 2774 5545
291 2708 436 2794 Augusti
457 2710 675 2798 principatum
698 2711 823 2774 vixisse
845 2708 1019 2774 concludit.
1043 2707 1097 2773 Ab
1119 2708 1215 2774 huius

104 2811 264 2891 sententia
293 2810 432 2876 discedit
453 2812 670 2894 censorlibri
691 2813 726 2876 in
747 2810 869 2875 annall.
892 2811 977 2875 oritt.
1000 2810 1108 2875 Berol.
1135 2811 1215 2875 1838

103 2912 141 2975 P.
153 2911 189 2976 II
200 2914 300 2997 5.821
316 2935 386 2999 sqq.
405 2913 490 2978 (iod.
503 2913 737 3000 Bernhardyus
748 2915 783 2976 in
795 2910 950 2976 Suidall
969 2935 1001 2998 p.
1013 2914 1102 2994 1339,
1118 2916 1144 2994 1,
1161 2913 1216 2998 qui

54 3049 72 3060 .,
103 3015 287 3099 suspicatur
303 3021 406 3079 totum
421 3023 657 3100 argumentum,
681 3013 768 3101 quod
789 3011 834 3096 gl.
854 3014 1043 3096 Δίδυμος
1061 3004 1079 3076 ὁ
1097 3009 1217 3077 Κλαύ-

103 3114 174 3190 διος
201 3114 420 3198 55541555455,
455 3116 497 3180 55
524 3116 704 3202 Didymum
732 3115 894 3179 iuniorem
914 3116 1094 3200 pertinere,
1123 3115 1216 3178 cuius

102 3218 291 3280 memoriam
319 3215 372 3280 515
401 3215 471 3282 fere
490 3217 610 3282 finibus
633 3215 871 3291 circumscribit
899 3216 1091 3297 Δίδυμος
1113 3209 1130 3280 ὁ
1155 3220 1216 3280 Κλ.

103 3339 153 3400 χρ.
168 3311 234 3382 'AL
257 3339 393 3402 γραμμ,
416 3312 453 3394 δς
475 3317 715 3400 ἐσοφίστενσεν
734 3317 771 3382 ἐν
781 3313 898 3402 Ῥώμη.
914 3319 1046 3400 Ἰἔγραψε
1062 3315 1138 3397 περὶ
1157 3311 1218 3398 ὀρ·
1336 3327 1342 3345 “

50 3418 58 3430 ’
103 3421 311 3504 θογραφίας,
338 3419 414 3502 περὶ
442 3421 511 3483 τῶν
532 3411 775 3503 ἡμαρτημένων
798 3425 868 3484 κτλ.
914 3418 1088 3483 Claudium
1115 3419 1217 3503 igitur

102 3521 283 3608 Didymum
302 3518 379 3603 περὶ
401 3522 460 3602 τῆς
479 3515 568 3601 παρὰ
584 3514 755 3604 Ῥωμαίοις
774 3515 954 3603 ἀναλογίας
976 3518 1147 3603 scripsisse
1166 3540 1216 3582 ar·

102 3622 253 3687 bitratur.
298 3622 386 3687 Huic
406 3624 558 3687 occinunt
579 3621 702 3685 Meurs.
725 3621 825 3705 gloss.
850 3621 967 3686 Graec.
990 3641 1022 3683 v.
1040 3615 1215 3703 δηνάριον,

102 3722 305 3807 σεστίρτιον,
327 3724 458 3789 Fabric.
480 3723 561 3789 bibl.
578 3724 636 3789 Gr.
658 3722 725 3786 VII
745 3745 777 3808 p.
792 3726 832 3785 57
852 3719 988 3785 Lersch.
1011 3718 1215 3806 Sprachphil.

173 3897 267 3963 1501.
287 3913 374 3948 meam
399 3897 431 3948 de
449 3897 599 3947 Philoxeno
623 3895 845 3946 dissertationem
862 3893 1006 3958 Philologo
1030 3893 1160 3944 insertam
1178 3894 1218 3946 IV

101 3985 164 4049 45.
184 3983 236 4035 656
256 3999 332 4050 sqq.,
350 3985 388 4032 in
414 3999 468 4050 qua
492 3999 561 4049 quae
584 3982 617 4032 de
641 3987 734 4033 aetate
757 3979 929 4048 grammatici
947 3979 1004 4028 dixi
1025 3996 1080 4029 555
1100 3979 1217 4029 debebat

102 4069 251 4120 sollicitare
268 4069 313 4121 W.
331 4070 462 4122 Ribbeck.
484 4071 517 4121 de
535 4069 667 4120 Zenodot.
687 4085 714 4134 p.
736 4069 768 4132 5,
788 4067 849 4132 qui,
875 4066 899 4114 si
916 4065 1060 4115 Philoxeni
1078 4069 1105 4116 et
1125 4066 1217 4116 Timo-

101 4157 158 4206 thei
182 4156 519 4222 dithyrambographorum
545 4154 672 4220 Cyclopis
697 4155 878 4216 meminisset,
907 4152 941 4202 de
957 4151 1099 4202 Philoxeni
1117 4151 1217 4216 glossis

99 4242 253 4292 Homericis
278 4243 305 4295 h.
323 4242 343 4293 1.
368 4258 423 4292 555
447 4242 606 4311 cogitasset.
629 4268 662 4276 —
687 4240 764 4294 Adde
786 4241 823 4292 H.
847 4239 957 4294 Plancr.
984 4238 1018 4294 de
1041 4238 1217 4312 Tyrannione

99 4345 127 4402 p.
143 4329 187 4382 29.
206 4327 250 4384 30.
