2866 4882
1166 356 1224 416 311

113 509 167 590 A..
187 530 250 572 om.
265 507 350 590 BC.)
372 510 440 570 τῶν
454 501 658 590 Ἑλληνικῶν
673 509 893 592 Ξενοφῶντος
916 501 1028 596 εὗρον.
1052 511 1125 582 ἀλλ’
1149 513 1227 586 οὔτε

114 606 150 674 τὸ
174 604 311 688 ξενικόν
337 611 437 672 τοῦτο
460 610 586 692 ἔφησεν
609 603 626 674 ὁ
651 610 816 693 Ξενοφῶν
834 610 1019 696 τρέφεσθαι
1041 611 1102 683 ὑπ’
1123 615 1226 707 Ἀθη-

116 713 232 794 ναίων,
255 704 333 774 οῶτε
353 703 455 788 αὐτὸς
470 706 648 794 Ἀθηναῖος
669 700 749 794 ἦνὸ
772 707 1001 795 Πολύτροπος.

197 813 305 877 Locus
318 813 551 878 Demosthenis
567 813 685 898 legitur
699 815 732 876 in
750 813 891 901 Philipp.
914 815 988 881 123
1006 842 1037 905 p.
1057 824 1107 904 46,
1126 825 1225 908 20R.,

112 917 169 1003 qui
181 915 360 1001 Polystrati
374 917 491 980 iterum
510 918 659 980 meminit
675 916 710 979 in
722 916 851 1002 Leptin.
874 940 906 1002 p.
919 920 992 1002 482,
1008 923 1106 1006 2613,
1129 947 1225 1014 quem

113 1018 156 1082 ad
179 1017 201 1081 l.
222 1017 264 1081 ef.
284 1017 385 1081 Wolf.
408 1040 441 1103 p.
463 1020 535 1100 392,
559 1021 589 1081 3.
612 1057 654 1064 -
674 1018 826 1104 Xenoph.
849 1019 978 1085 Hellen.
1002 1023 1051 1086 VI
1074 1030 1224 1108 5,11.-

113 1119 294 1184 Rehdantz.
318 1119 440 1205 Iphior.
465 1118 584 1184 Chabr.
605 1119 746 1185 Timoth.
767 1122 855 1184 vitae
877 1143 905 1184 o.
925 1122 952 1185 I.

199 1221 358 1308 Harpoer.
392 1226 467 1304 151,
496 1226 530 1284 11
573 1221 668 1305 περὶ
696 1225 766 1304 τῆς
795 1221 840 1286 έν
867 1229 1054 1307 Δελφοῖς
1083 1230 1221 1305 σκιαῖς·

114 1322 339 1406 Δημοσθένης
371 1321 407 1386 έν
443 1327 697 1399 Φιλιππικοῖς.
722 1321 910 1406 Δίδυμός
941 1343 1023 1408 φησι
1056 1322 1118 1410 τὴν
1147 1330 1223 1412 περὶ

113 1417 199 1487 ὄνου
230 1425 326 1500 σκιᾶς
360 1427 540 1507 παροιμίαν
573 1428 868 1507 παραπεποιῆσθαι
900 1419 966 1491 ὑπὸ
996 1431 1058 1492 τοῦ
1081 1425 1223 1513 ῥήτορος

114 1524 268 1607 λέγοντος
290 1525 365 1608 περὶ
381 1527 439 1607 τῆς
455 1525 491 1589 ἐν
509 1530 657 1608 Δελφοῖς
679 1529 783 1610 σκιᾶς,
807 1527 964 1609 λέγεσθαι
985 1521 1020 1592 δ’
1043 1523 1150 1613 αὐτὴν
1169 1530 1222 1595 ἐπὶ

113 1636 181 1702 τοῖς
201 1625 277 1709 περὶ
298 1628 365 1690 τῶν
387 1622 531 1709 μηδενὸς
550 1621 651 1704 ἀξίων
671 1628 879 1710 μαχομένοις.

198 1728 385 1813 Respicitur
406 1727 504 1792 Dem.
532 1729 572 1792 de
593 1751 665 1814 pao.
684 1732 739 1811 63,
760 1730 799 1790 25
812 1729 851 1793 R.
896 1729 1035 1795 Videtur
1057 1731 1221 1818 Didymus

113 1830 174 1894 hoo
185 1827 394 1915 proverbium
404 1829 553 1914 pluribus
568 1829 661 1894 libris
674 1853 701 1894 e.
710 1853 742 1915 g.
763 1829 837 1912 περὶ
853 1836 1041 1914 παροιμιῶν
1053 1842 1220 1897 tractasse.

114 1930 166 1996 Of.
190 1929 335 2015 Hesyoh.
352 1929 387 1991 II
401 1954 433 2015 p.
451 1934 512 1994 764
536 1931 636 1994 schol.
659 1931 718 1994 Ar.
740 1931 861 2018 Vespp.
888 1936 943 1995 191.
969 1933 1063 1998 Phot.
1088 1936 1158 2016 338,
1183 1938 1219 1997 15

113 2035 183 2113 424,
209 2036 228 2096 6
250 2031 471 2115 Paroemiogr.
495 2033 512 2094 I
534 2056 565 2118 p.
590 2036 651 2097 439
673 2033 825 2120 Append.
850 2034 899 2097 IV
922 2037 961 2098 26
984 2035 1074 2099 Suid.
1116 2036 1219 2099 Voca-

112 2133 224 2197 bulum
246 2135 543 2214 παραπεποιησθαι
562 2133 702 2198 illustrat
725 2131 890 2198 Sohaefer.
918 2129 1089 2218 ad'Apoll.
1113 2129 1217 2199 Rhod.

112 2234 165 2298 III
189 2237 248 2297 158
270 2234 334 2298 vol.
358 2234 393 2297 Π
412 2259 443 2320 p.
468 2236 528 2298 228
539 2235 567 2298 ³¹².
963 2231 965 2234 ¹

197 2341 224 2398 b.
243 2335 403 2420 Harpoer.
423 2338 473 2417 91,
490 2338 508 2399 3
530 2340 653 2412 ἀίτιος
673 2331 705 2400 δ’
727 2325 835 2419 οὗτος,
860 2331 970 2416 ῶσπερ
991 2333 1219 2416 ἑωλοκρασίαν

113 2433 188 2501 τινά
213 2460 279 2519 μου
300 2439 358 2518 της
380 2438 542 2519 πονηρίας
563 2440 621 2519 τῆς
642 2430 749 2502 αὑτοῦ
770 2431 1044 2510 κατασκεδάσας’.
1087 2437 1218 2501 Δίδυ-

113 2560 187 2621 μος
209 2537 266 2600 δέ·
297 2524 414 2614 εοὗτος
438 2532 518 2619 χθὲς
543 2538 598 2602 καὶ
626 2533 745 2620 πρῶην
765 2531 787 2600 ὁὶ
807 2535 939 2618 ἐκέρασε
963 2530 1140 2618 πράγματα
1158 2534 1218 2620 τη’-

113 2633 218 2722 μερόυ
238 2660 305 2722 μου
328 2647 463 2720 καταχεῖ
484 2637 538 2702 καὶ
562 2636 617 2723 ἐμὲ
640 2640 763 2721 πρᾶξαί
774 2642 883 2716 φησι’.

195 2740 433 2826 Interpretatur
469 2743 700 2824 grammaticus
730 2735 825 2798 Dem.
862 2758 894 2821 p.
930 2729 1075 2820 Ctesiph.
1115 2742 1146 2818 ξ.
1176 2743 1216 2803 50

113 2866 144 2928 p.
169 2842 309 2924 242,13.
353 2841 407 2905 De
429 2865 461 2905 v.
482 2837 685 2923 ἑωλοκρασία
705 2834 834 2899 abunde
855 2837 924 2921 agit
943 2835 1072 2902 Sohaef.
1091 2840 1126 2902 in
1141 2862 1215 2926 app.

112 2942 197 3005 oritt.
227 2941 292 3005 vol.
317 2940 352 3005 ΙΙ
384 2965 417 3028 p.
440 2945 492 3007 85.
535 2941 629 3016 Adde
659 2935 772 2998 Meier.
796 2937 923 3001 Andoo.
953 2960 1068 3004 oomm.
1097 2939 1147 3004 VI
1179 2944 1216 3004 13

112 3065 144 3128 p.
169 3047 208 3106 70
231 3042 296 3106 lex.
320 3043 428 3108 Bekk.
454 3046 524 3125 258,
550 3042 585 3103 12
607 3035 700 3100 Phot.
723 3037 775 3117 48,
800 3040 827 3098 l.

197 3144 300 3230 Harp.
321 3169 353 3232 p.
380 3149 453 3228 135,
476 3148 494 3209 8
525 3141 696 3224 οίκίσκφ
724 3131 799 3201 ἀντὶ
821 3140 883 3200 τοῦ
905 3141 1014 3225 μικρῷ
1034 3134 1100 3203 τινι
1122 3138 1216 3224 οἰκή-

111 3268 189 3327 ματι
213 3246 438 3329 Δημοσθένης
463 3244 500 3306 ἐν
520 3243 566 3325 τῶ
591 3231 680 3320 1ὑπὲρ
708 3242 957 3322 Κτησιφῶντος.
1003 3238 1148 3307 ἐκάλουν
1180 3243 1215 3308 δὲ

112 3347 147 3409 οῖ
162 3339 301 3411 Ἀττικολ
332 3340 369 3410 τὸ
399 3339 465 3426 ὑφ’Ἰ
483 3336 579 3425 ἡμῶν
610 3335 793 3424 λεγόμενον
826 3334 1107 3425 ὀρνιθοτροφεῖον
1131 3346 1216 3409 οἰκί-

111 3463 204 3510 σκον.
225 3441 464 3530 Ἀριστοφάνης
478 3447 675 3526 Πελαργοῖς,
693 3443 890 3524 Μεταγένης
909 3436 1049 3524 Αὔραις.
1080 3444 1117 3508 ἐκ
1135 3442 1216 3510 του’-

114 3571 181 3612 των
203 3547 240 3614 6ὲ
265 3550 351 3611 ἔοικε
372 3541 590 3627 πλανῶμενος
610 3537 627 3606 ὁ
650 3543 838 3627 Δίδυμος
864 3541 919 3606 καὶ
937 3538 973 3607 τό
997 3549 1216 3626 Δημοσθενι-

112 3645 174 3713 κὸν
195 3648 452 3732 ἐξηγεῖσθαι.
498 3645 592 3708 Phot.
616 3647 686 3725 319,
709 3646 738 3707 3.
760 3647 790 3707 9.
903 3655 904 3658 ’
1058 3709 1059 3712 ¹

193 3748 430 3814 Demosthenes
452 3745 611 3813 vocabulo
638 3744 784 3820 οίκίσκος
805 3745 907 3810 utitur
927 3747 962 3808 in
985 3765 1030 3807 or.
1053 3767 1102 3831 pr.
1128 3744 1215 3809 Ctes.

111 3853 140 3930 ξ.
155 3853 195 3913 97
213 3872 244 3934 p.
261 3851 332 3930 258,
350 3851 386 3910 21
401 3849 440 3912 R.
465 3858 497 3912 et
513 3849 549 3910 in
563 3845 749 3932 Olympiod.
769 3850 858 3928 1179,
877 3848 926 3929 26,
947 3844 1108 3932 siquidem
1128 3845 1215 3911 huno

109 3950 214 4014 locum
233 3949 354 4016 Pollux
373 3951 480 4014 innuit
499 3954 527 4013 Θ
548 3951 587 4013 39
610 3971 640 4034 p.
663 3949 724 4010 368
745 3947 854 4011 Bekh.
898 3945 1167 4028 Demosthenem,
1196 3969 1216 4010 e

110 4072 172 4135 quo
197 4049 360 4114 Oallinum
380 4072 432 4136 ap.
450 4048 539 4113 Stoh.
562 4049 632 4113 flor.
655 4049 702 4112 LI
721 4073 753 4136 p.
772 4051 810 4111 19
825 4071 857 4110 v.
877 4050 915 4108 15
937 4037 1215 4132 νοεροοῖααιοεεο

110 4151 292 4238 suspicatur
312 4150 436 4234 Bergk.
459 4151 558 4215 PLG.
582 4174 613 4236 p.
637 4154 697 4213 314
720 4150 770 4214 ed.
793 4150 829 4230 2,
849 4147 964 4209 imitati
990 4154 1065 4210 sunt
1083 4146 1213 4210 Aelian.

108 4251 140 4320 h.
163 4275 193 4320 a.
216 4252 342 4337 11140,
372 4253 428 4342 qui
447 4253 631 4342 Didymeae
652 4249 862 4340 explicationi
884 4247 989 4332 favet,
1013 4246 1109 4315 Phot.
1132 4244 1214 4314 bibl.
