2866 4882
221 356 282 420 290

223 515 387 602 εὐκαίρως
414 512 495 602 ἡμίν
515 519 704 602 ’διείληπται
725 521 789 607 '(cf.
813 521 901 585 Avv.
926 520 1039 606 1121);
1074 529 1172 608 atque
1199 522 1336 588 Pindari

223 629 442 686 enarratorcm
470 621 573 684 fuisse
598 629 746 686 nostrum
771 622 807 684 in
834 621 952 705 vulgus
981 631 1105 686 notum.
1151 621 1259 686 Schol.
1295 624 1337 688 ad

221 722 345 806 Vespp.
370 723 427 782 151
458 722 514 807 qui
536 722 666 807 scripsit
689 720 816 786 Cratini
836 723 1047 806 interpretem
1077 744 1113 786 se
1138 723 1250 808 prodit
1284 723 1335 788 his

222 847 302 890 usus
324 823 434 888 verbis
456 820 493 885 ἐν
514 820 551 885 δὲ
572 832 641 897 τοῖς
662 822 738 901 περί
758 825 930 906 Κρατίνου
954 819 1129 905 διώρισται
1149 821 1216 886 ιιιὲ.
1255 823 1335 887 Pos-

222 929 268 991 sis
290 925 422 1012 quidem
438 944 513 986 curn
522 921 669 1005 Bergkio
685 943 800 988 comm.
818 924 859 986 de
873 919 966 1008 reliq.
979 943 1061 986 com.
1074 922 1144 986 Att.
1160 947 1193 1010 p.
1208 927 1271 989 264
1293 925 1334 988 de

222 1026 416 1112 Symmacho
439 1024 584 1107 cogitare
606 1021 753 1086 adhibito
775 1022 899 1086 Herod.
927 1020 1003 1086 dict.
1028 1023 1087 1087 sol.
1110 1045 1143 1109 p.
1166 1028 1217 1106 39,
1237 1027 1332 1089 26:

221 1151 254 1214 p.
273 1127 332 1190 139
355 1125 406 1188 ed.
421 1124 547 1204 Lehrs.,
568 1146 600 1209 q.
621 1121 643 1185 l.
667 1123 705 1186 ἕν
726 1138 814 1186 τισιν
836 1122 1023 1186 defenditur
1045 1126 1332 1208 grammaticorum

221 1249 311 1292 more
332 1224 606 1312 praepositionem
634 1221 671 1285 ἐν
700 1244 740 1285 ea
768 1224 802 1286 vi
822 1222 1004 1307 praeditam
1033 1226 1191 1310 ponendi,
1219 1236 1258 1290 ut
1289 1228 1333 1291 sit

223 1334 417 1392 ‘auctoritate
435 1330 562 1390 alicuius
583 1329 693 1386 nixus'
725 1322 839 1409 (schol.
861 1322 958 1388 Hom.
982 1331 1013 1389 A
1034 1327 1106 1389 258.
1129 1329 1190 1390 340
1221 1327 1331 1391 Philo-

222 1430 288 1512 log.
311 1426 365 1489 III
383 1448 415 1510 p.
437 1425 532 1511 453);
564 1422 622 1486 sed
644 1422 824 1508 Didymum
847 1423 971 1488 Cratini
993 1446 1121 1512 quoque
1144 1429 1332 1492 comoedias

221 1530 404 1594 illustrasse
431 1545 449 1586 e
477 1524 583 1588 lexico
611 1523 756 1587 eiusdem
785 1525 906 1589 comico
929 1525 1110 1591 clarissime
1130 1538 1231 1613 patet.
1277 1529 1332 1594 Ex

222 1629 338 1694 eodem
355 1623 473 1704 lexico,
495 1623 574 1686 mihi
596 1624 702 1705 orode,
724 1625 896 1688 accersivit
911 1627 1097 1713 Hesychius
1119 1630 1217 1692 etiam
1244 1630 1332 1713 glos·

222 1726 328 1807 sulam
349 1717 521 1803 ἄχνρος·
543 1718 678 1807 ἀχυρών
712 1723 849 1810 (Phr-yn.
872 1748 946 1812 app.
969 1730 1061 1815 soph.
1083 1752 1116 1814 p.
1140 1736 1159 1793 7
1181 1729 1330 1796 Lobeclr.

222 1828 347 1911 Phryn.
359 1846 392 1909 p.
407 1824 492 1906 166),
515 1845 579 1910 qua
597 1846 677 1910 quos
693 1835 804 1910 poetas
820 1830 1018 1911 spectaverit
1040 1830 1167 1894 edisces
1181 1852 1206 1894 e
1227 1831 1329 1896 schol.

222 1927 346 2012 Vespp.
371 1925 452 1986 1310
477 1916 496 1986 δ
525 1919 562 1986 δὲ
584 1917 707 2008 ἄχυρος
729 1922 810 2008 παρ’
832 1923 1000 1993 Εὐπόλιδι
1023 1930 1061 1994 ἐν
1082 1909 1206 2018 Χρυσῷ
1227 1933 1329 2016 γένει,

224 2023 313 2093 ὅπου
340 2023 395 2090 καὶ
420 2019 456 2088 τὸ
484 2018 667 2098 Πλάτωνος
694 2023 890 2106 παράκειται
919 2028 953 2106 ἐξ
978 2023 1165 2108 Ἀδώνιδος.
1215 2033 1336 2098 Nostri·

222 2149 302 2193 vero
334 2129 370 2190 in
397 2123 541 2208 Eupolin
572 2127 803 2188 commentaria
834 2137 927 2192 extra
959 2130 1194 2197 dubitationem
1221 2137 1330 2221 posita

224 2237 309 2294 sunt.
354 2224 408 2289 Of.
436 2223 532 2286 huius
561 2223 668 2307 operis
695 2220 752 2285 lib.
783 2225 818 2288 II
846 2249 917 2320 cap.
951 2234 1000 2294 13.
1045 2232 1158 2319 Neque
1184 2234 1329 2301 dubitari

221 2349 330 2415 posse,
349 2348 428 2392 num
441 2323 579 2409 Didymi
601 2344 645 2385 an
664 2321 748 2384 alius
770 2327 938 2392 cuiusdam
956 2335 1178 2398 commentarii
1194 2336 1329 2401 Menan·

223 2430 294 2494 drei
315 2428 455 2491 citentur
476 2426 510 2489 in
533 2421 633 2488 schol.
652 2421 740 2487 Avv.
765 2427 845 2488 1738
867 2433 993 2512 είρηιαι
1016 2432 1053 2497 δὲ
1074 2437 1174 2498 τοῦτο
1197 2436 1234 2500 ἐν
1259 2449 1329 2515 τοῖς

171 2547 174 2552 ·
224 2529 479 2611 Μενανδρείοις,
500 2524 540 2589 Ο.
555 2522 753 2588 Schneidero
772 2546 803 2608 p.
818 2526 855 2584 15
875 2535 907 2588 et
926 2550 958 2613 p.
972 2531 1011 2592 98
1032 2531 1128 2598 facile
1148 2537 1327 2604 adsentior.

224 2630 313 2711 Quid
341 2629 481 2714 denique
515 2623 555 2688 dc
583 2623 823 2686 commentariis
850 2623 1031 2692 Homericis
1068 2633 1175 2700 dicam
1206 2640 1328 2705 diserte

222 2732 258 2793 in
275 2728 377 2793 schol.
401 2726 487 2790 Plut.
511 2726 571 2796 589
593 2724 670 2786 Pac·
694 2724 756 2784 376
770 2725 949 2808 respectis?
982 2730 1081 2796 Suum
1106 2735 1140 2798 in
1163 2738 1329 2805 Holcades

222 2829 489 2895 commentarium
507 2828 578 2912 ipse
595 2825 675 2888 citat
696 2822 730 2884 in
752 2820 853 2885 schol.
876 2823 955 2910 Lys.
969 2830 1040 2910 723,
1062 2838 1149 2919 quod
1171 2841 1235 2924 ipsi
1258 2843 1329 2906 sine

220 2930 290 2992 ulla
310 2928 513 2992 dubitatione
529 2921 763 2989 vindicandum
785 2943 856 2986 esse
874 2926 909 2986 in
929 2939 1196 3002 commentatione
1217 2949 1330 3005 nostra

222 3027 263 3092 de
281 3029 387 3092 lexico
403 3027 526 3090 comico
549 3023 715 3088 evicimus.
752 3023 839 3088 Hinc
861 3024 948 3090 locos
967 3027 1044 3092 huic
1060 3038 1215 3115 gemellos
1237 3042 1330 3106 iuxta

221 3147 349 3189 mecum
366 3125 512 3210 Didymo
534 3123 670 3188 tribues.
715 3123 789 3189 Uno
812 3124 883 3190 loco
906 3127 1022 3212 (schol.
1045 3130 1122 3197 Pac.
1150 3138 1226 3199 1241
1254 3140 1328 3225 ἐξῆ-

222 3247 298 3290 νιαι
323 3224 379 3288 καί
405 3223 443 3288 ἐν
469 3234 539 3302 ταῖς
569 3223 733 3310 ἐκλογαῖς)
769 3225 848 3310 quid
874 3226 1009 3311 faciam,
1038 3252 1104 3295 non
1125 3233 1241 3300 habeo.
1285 3243 1330 3304 At

224 3323 325 3390 schol.
348 3325 434 3388 Plut.
454 3328 516 3389 550
544 3347 624 3389 eave
650 3345 692 3388 ne
718 3327 825 3390 minus
849 3326 989 3392 feliciter
1010 3330 1062 3394 ab'
1079 3333 1337 3403 Hemstcrbusio¹

221 3423 391 3488 emendato
420 3435 494 3520 cum
525 3423 722 3490 Schneidero
755 3427 801 3489 ita
830 3427 980 3513 abutare,
1013 3440 1050 3496 ut
1079 3432 1329 3500 violentioribus

220 3521 339 3586 medici
358 3524 513 3592 manibus
532 3526 670 3590 admotis
696 3528 863 3612 quaesitae
887 3533 1067 3596 sententiae
1092 3537 1329 3600 accommodes.

220 3621 332 3687 Verba
353 3624 469 3690 scholii
490 3634 565 3692 sunt
585 3627 666 3692 haec
686 3629 815 3710 μᾶλλον
836 3622 879 3692 ἄν
903 3655 953 3708 τις
970 3627 1194 3716 ὑπονοήσειεν
1210 3634 1330 3718 ,ἕτερον

218 3715 408 3789 Διονύσιον
433 3726 680 3812 Θρασυβούλου
708 3731 771 3792 τοῦ
789 3731 983 3808 Κολυτιένις
1005 3728 1171 3818 ἀδελφόν,
1199 3728 1330 3820 ἢέγγι-

218 3842 280 3890 στα
302 3833 499 3910 συγγενείας
519 3823 614 3894 εἶναι.
660 3828 725 3893 καί
752 3829 795 3893 ἐν
821 3834 867 3916 τῇ
890 3827 1034 3898 Ἰλιάδι
1057 3839 1330 3921 σαφέστερον

218 3921 338 3991 οίδεν
368 3919 389 4009 ἢ
417 3924 751 4011 κατδΔίδυμον·
784 3923 836 4008 ὡς
859 3936 975 4008 είτις
997 3933 1202 4016 λέγοικτὲ.
1247 3939 1329 4002 Din-

208 4025 339 4091 dorfius
369 4027 444 4092 add.
477 4028 788 4113 adv01.1185‚2
822 4032 856 4094 in
876 4031 941 4096 vol.
964 4031 1018 4096 ΙΙΙ
1046 4035 1107 4098 399
1135 4035 1329 4104 Schneideri

217 4125 435 4191 dubitationes
458 4130 579 4194 nullius
607 4131 762 4193 momenti
784 4154 855 4195 esse
879 4141 1024 4198 statuens
1046 4134 1328 4204 locum‘intactum

215 4226 358 4312 reliquit.
388 4229 475 4294 Male
496 4230 550 4294 hic
571 4229 703 4315 quidem
725 4227 757 4295 et
779 4234 907 4316 vitiose,
930 4257 990 4298 nec
1011 4243 1121 4300 tamen
1138 4241 1330 4324 prosperius
