2894 4890
212 329 273 395 211

212 493 398 583 ἠκούσατε,
420 496 475 562 καὶ
496 488 544 560 οὐ·
558 493 642 580 πρὸς
664 491 725 560 τόυ
747 496 825 559 Δία.
856 492 893 558 ἐν
917 487 997 576 ἥθει
1019 485 1083 560 οὖν
1103 492 1141 560 τδ
1156 501 1238 562 Ζεῦ
1260 500 1332 562 καὶ

212 604 262 684 γά
287 598 355 664 καὶ
378 601 475 681 φάς.
521 600 621 661 τοῦτο
651 593 687 660 δέ
714 589 966 679 Ἀπολλόδωρος
993 600 1050 680 τῆς
1080 599 1234 681 Μηδείας
1262 623 1332 683 φη-

213 705 288 785 σίν,
312 695 376 765 άπὸ
403 699 439 764 δέ
463 704 526 764 τοῦ
549 696 668 782 ἰαχάν
690 701 751 762 τοῦ
774 700 889 782 χοροῦ,
904 690 951 760 ἵν’
976 699 1033 784 ἔχη
1062 695 1233 782 λόγον·τὸ
1263 696 1333 786 κάρ-

211 805 416 886 πιβοάται
444 800 573 884 Θέμιν
607 793 811 864 εὐκταίαν
837 795 951 882 Ζῆνά
979 823 1024 865 τε
1050 803 1095 888 (v.
1125 803 1217 889 171),
1251 799 1332 882 τούς

212 897 245 974 δ’
270 897 456 986 ὑποκριτάς
477 900 643 985 συγχέειν.
955 889 962 896 ’
1326 913 1328 916 ·

279 1005 346 1092 ’(8)
381 1004 504 1068 Iterum
536 1027 569 1069 v.
607 1007 660 1066 171
698 1026 730 1088 p.
765 1004 837 1066 350.
869 1004 941 1087 351,
974 1013 1147 1090 postquam
1164 1005 1329 1092 interpres

211 1103 404 1191 Apollodori
427 1101 599 1165 Tarsensis
627 1101 822 1166 sententiam
844 1104 1013 1186 exposuit,
1042 1101 1243 1188 Didymeum
1272 1106 1330 1186 ζη-Ι

210 1204 354 1290 τήματος
382 1201 482 1269 λύσιν
509 1204 610 1268 adicit
638 1197 655 1266 ὁ
686 1201 722 1266 δέ
745 1199 939 1286 Δίδνμός
964 1221 1089 1288 φησιν,
1113 1197 1165 1268 ὅτι
1187 1199 1244 1268 διὰ
1266 1209 1329 1268 τοῦ

210 1307 322 1389 λέγειν
345 1300 413 1370 διά
435 1328 512 1388 μον
535 1307 720 1388 κεφαλῆς
743 1299 848 1388 φλδξ
876 1299 1051 1391 οὐρανία
1081 1309 1178 1389 βαίη
1211 1305 1331 1370 ἐπικα-

211 1414 315 1474 λεῖται
332 1402 393 1471 τδν
414 1409 490 1471 Δία.
536 1410 584 1482 τίς
606 1402 671 1489 γάρ
693 1400 780 1490 εἶχεν
808 1401 895 1491 αὐτῇ
917 1405 1098 1490 ἐπιπέμψαι
1121 1403 1181 1470 τδυ
1200 1429 1328 1491 κεραυ-

210 1507 290 1593 νόν,
319 1510 350 1572 εί
371 1503 416 1590 μὴ
445 1501 588 1584 δΖεάςς
618 1509 648 1571 εί
669 1503 765 1590 καὶὴ
795 1512 978 1593 πρεσβῦτις
995 1504 1040 1592 μὴ
1061 1505 1214 1592 πάντων,
1232 1499 1282 1574 εἶν
1307 1503 1329 1593 ἡ

210 1609 346 1695 Μήδεια
368 1608 597 1692 ἐπεκαλέσατο,
622 1605 785 1693 ἐμνήσθη,
808 1604 851 1673 οά
875 1608 1076 1693 παράδοξον.
1096 1605 1248 1695 ἠρκέσθη
1261 1609 1326 1696 γάρ

209 1723 281 1789 τοῖς
303 1704 532 1796 σεμνοτάτοις.
1101 1775 1103 1780 ,

297 1812 346 1899 (9)
369 1811 572 1891 Quibuscum
594 1810 769 1876 cohaerent
791 1833 823 1875 v.
844 1814 905 1874 212
927 1807 1000 1875 τδιν
1021 1809 1156 1896 Ζηνὸς
1178 1806 1328 1898 δρκίαν

211 1915 356 1996 θέμιν·
393 1918 498 1977 ταῦτα
530 1923 599 1988 τοῖς
629 1905 784 1989 άξιούσιν
817 1905 885 1976 ὑπὸ
920 1916 977 1994 τῆς
999 1915 1151 1996 Μηδείας
1184 1910 1240 1978 διά
1268 1919 1327 1998 τῆς

210 2013 354 2099 Θέμιδος
375 2017 627 2098 προσειλῆφθαι
648 2011 709 2077 τὸν
724 2016 792 2078 Δία
815 2009 1030 2096 συμπράττει.
1071 2015 1107 2094 oi
1125 2018 1211 2096 γοῦν
1239 2038 1326 2098 προ·
1360 2041 1363 2046 ·

208 2114 562 2202 νπομνηματισάμενοι
591 2110 783 2199 γράφουσιν
813 2109 937 2190 οὕτως·
977 2113 1117 2179 δύναται
1145 2112 1181 2180 τό
1213 2119 1325 2199 λέγειν

208 2215 345 2302 Ζηνὸς
372 2213 521 2303 ὁρκίαν
552 2219 680 2301 Θέμιν
705 2220 874 2300 βοηθῆσαι
902 2227 970 2292 τοῖς
995 2215 1243 2301 προκειμένοις,
1272 2213 1326 2283 ὅτι

210 2315 266 2384 διά
289 2324 347 2403 της
369 2321 512 2403 Θέμιδος
533 2315 594 2383 τδυ
610 2323 678 2392 Δία
700 2318 890 2382 ἐπεκαλεῖτο
915 2313 970 2382 διὰ
990 2315 1027 2382 τό
1050 2312 1135 2384 εἶναι
1157 2315 1244 2396 Διὸς
1262 2315 1326 2403 την

209 2425 325 2505 Θέμιν.
370 2421 467 2486 Adde
488 2420 588 2485 sohol.
613 2421 655 2484 ad
677 2443 709 2484 v.
734 2423 795 2483 215
820 2414 905 2484 άίστε
924 2457 968 2470 -
989 2419 1231 2485 ἐπικαλεῖσθαι.

294 2524 365 2610 (10)
388 2522 476 2588 Μεδ.
501 2525 562 2586 276
580 2546 612 2609 p.
637 2525 698 2586 357
727 2523 959 2605 Παρμενίσκος
981 2520 1103 2608 γράφει
1126 2517 1209 2587 κατὰ
1233 2522 1325 2600 λέξιν

208 2620 332 2702 οὕτως·
354 2636 425 2702 ταῖς
448 2618 666 2708 δὲ-άργήν.
713 2624 906 2707 Δίδυμος
929 2619 966 2688 δέ
987 2624 1198 2689 ἐναντιοῦται
1213 2624 1324 2714 τοάτφ

209 2728 271 2814 (sic
292 2727 381 2792 Flor.
416 2731 452 2789 15
467 2722 615 2790 τούτων
643 2725 731 2790 Flor.
755 2725 790 2809 6)
821 2723 876 2789 καὶ
899 2729 1118 2810 παρατίθεται
1142 2721 1183 2792 τά
1204 2731 1324 2808 Κρεω-

208 2827 323 2912 φύλου
345 2829 464 2912 έχοντα
485 2821 613 2904 οὕτως·
659 2821 721 2908 τὴν
749 2820 814 2908 γάρ
839 2821 997 2908 Μήδειαν
1018 2827 1107 2909 λέγει
1128 2827 1325 2910 διατρίβου-

207 2945 271 2998 σαν
298 2929 334 2992 έν
355 2932 517 3017 Κορίνθῳ
543 2925 604 2993 τὸν
627 2922 773 3011 άρχοντα
796 2924 872 2991 τότε
895 2931 954 3010 τῆς
976 2925 1104 3006 πόλεως
1127 2923 1322 2993 ἀποκτεῖναι

208 3025 414 3112 φαρμάκοις,
459 3032 617 3094 δείσασαν
645 3026 682 3094 δέ
706 3023 787 3105 τοὺς
811 3031 932 3111 φίλους
961 3025 1120 3107 καὶτοὺς
1146 3041 1322 3116 συγγενεῖς

207 3124 315 3194 αὐτοῦ
337 3142 460 3213 φυγεῖν
488 3132 534 3207 είς
553 3125 713 3214 Ἀθήνας,
744 3127 824 3207 τούς
846 3129 883 3194 δὲ
905 3128 1021 3214 υίοάς,
1057 3131 1128 3196 ἐπεὶ
1158 3129 1319 3215 νεάτεροι

205 3225 302 3306 ὄντες
322 3225 386 3294 οὐκ
410 3224 580 3313 ἠδύναντο
603 3225 818 3315 άκολουθεῖν,
841 3235 980 3299 καθίσαι
1004 3234 1206 3320 (sicMatth.‚
1220 3241 1323 3298 καθι-

208 3342 258 3396 εῖν
279 3332 389 3418 codd.)
420 3331 472 3395 ἐπὶ
502 3329 561 3396 τὸν
585 3328 784 3417 βωμὸντης
809 3329 960 3418 Ἀκραίας
977 3331 1099 3419 Ἥρας,
1135 3338 1323 3418 νομίσασαν

207 3429 267 3502 τὸν
286 3432 410 3517 πατέρα
432 3429 547 3498 αὐτῶν
572 3446 746 3519 φροντιεῖν
768 3438 825 3519 τῆς
842 3439 1006 3520 σωτηρίας
1029 3429 1154 3500 αὐτῶν.
1183 3433 1263 3512 τοὺς
1284 3435 1320 3501 δὲ

206 3534 375 3616 Κρέοντος
396 3530 823 3612 οίκείουςάποκτείναντας
845 3530 971 3613 αὐτοὺς
985 3539 1162 3600 διαδοῦναι
1183 3533 1319 3619 λόγους,

208 3629 302 3719 tut
331 3634 467 3719 Μήδεια
491 3631 533 3702 οά
555 3634 664 3722 μόνον
683 3633 744 3703 τὸν
765 3636 928 3720 Κρέοντα,
951 3632 1035 3718 άλλά
1058 3637 1113 3702 καὶ
1133 3636 1223 3714 τοὺς
1237 3637 1319 3722 ἑαυ-ι

206 3740 264 3819 τῆς
285 3739 406 3814 παῖδας
427 3733 611 3804 άπέκτεινε.
656 3741 832 3823 γεγονέναι
852 3738 888 3804 δὲ
910 3739 1144 3823 παραπλήσιον
1167 3738 1320 3822 μυθεύε-

206 3859 260 3902 ται
280 3838 334 3903 καῖ
354 3838 430 3917 περὶ
450 3835 510 3904 τὸν
523 3835 682 3906 Ἄδωνιν.

289 3940 359 4025 (11)
394 3942 455 4005 360
485 3963 517 4026 p.
549 3943 611 4006 362
646 3936 693 4005 οὐ
723 3939 799 4027 γάρ
833 3966 871 4006 τι
904 3937 1093 4023 δράσεις·
1127 3942 1319 4025 Δίδυμος

202 4036 284 4122 μετὰ
306 4043 406 4104 τοῦτο
426 4040 522 4124 φέρει
544 4038 581 4105 τδ
605 4046 699 4128 σιγῇ
721 4040 876 4126 δόμους
897 4036 1069 4126 ε,ίσβᾶσ’,
1091 4036 1144 4105 ἵν’
1159 4042 1318 4126 ’ἔστρω-

202 4153 275 4205 ται
297 4141 426 4223 λέχος.
471 4140 526 4206 καὶ
559 4142 722 4224 μέμφεται
754 4156 823 4221 τοῖς
854 4139 1067 4226 ὑποκριταῖς,
1098 4137 1142 4220 ὡς
1173 4138 1320 4225 ἀκαίρως

202 4234 309 4304 αάτδν
334 4237 534 4324 τάσσουσιν.
586 4242 677 4305 ‘Hoo
709 4243 866 4307 scholium
893 4243 1021 4307 dubitat
1053 4243 1091 4307 P.
1123 4243 1238 4306 Elmsl.
1268 4244 1317 4328 (v.
