2812 4868
207 361 248 422 60

206 527 347 592 discedit
373 526 508 592 Photius
529 531 606 612 437,
632 532 670 594 10
701 527 846 616 Hesych.
876 535 952 592 ποῖ
970 529 1112 611 κῆχος·
1156 521 1231 596 οἷον
1252 534 1320 596 ποῦ

207 631 285 712 γης;
309 629 355 707 εἰς
376 632 450 694 τίνα
470 624 591 707 τόπον;
614 634 694 695 ποῦ
716 633 857 717 αηχος·
879 631 926 711 πη
947 631 1018 713 γῆς,
1047 629 1093 706 εἰς
1118 634 1194 696 τίνα
1213 630 1320 698 τόπον

207 730 263 797 καὶ
283 730 317 816 (l.
340 727 427 815 ἀντὶ)
453 736 515 797 τοῦ
537 725 624 814 ἄγχι.
668 735 807 816 κῆχος·
826 729 944 815 τόπος,
966 731 1022 796 καὶ
1041 741 1101 796 ποι
1121 736 1239 817 αῆχος·
1263 747 1322 801 ποτ

206 837 277 918 γῆς,
303 828 397 899 ἄλλοι
416 837 569 918 ιιῆγχος
591 837 802 920 (postremum
824 833 887 898 hoc
902 853 945 896 ex
960 831 1126 899 Eratosth.
1142 839 1317 921 sententia)

202 936 249 1002 cf.
272 938 376 1002 Piers.
400 936 503 1002 Moer.
526 960 558 1022 p.
580 938 641 1000 227
669 935 780 1022 Apoll.
803 935 844 1000 de
865 936 940 1000 adv.
963 937 1035 1018 596,
1049 937 1088 999 29
1110 945 1152 1000 et.
1176 957 1226 1001 m:
1246 941 1317 1022 512,

205 1042 257 1104 23.
301 1039 394 1112 Haec
423 1062 486 1127 quo
512 1039 645 1104 tandem
671 1037 742 1103 loco
770 1035 973 1124 praeceperit
1000 1035 1247 1104 Eratosthenes
1263 1041 1318 1105 oh·

206 1163 336 1206 scurum
365 1163 430 1205 non
456 1150 517 1206 est.
563 1139 781 1206 Contendenti
807 1137 894 1202 enim
916 1138 1002 1202 inter
1024 1161 1060 1203 se
1082 1138 1178 1204 Phot.
1198 1143 1254 1224 32,
1281 1145 1318 1204 12

205 1245 325 1325 erret,
342 1247 375 1305 11
401 1265 468 1308 non
489 1250 597 1330 potest
614 1263 682 1306 non
705 1249 798 1304 extra
817 1238 1053 1304 dubitationem
1072 1261 1145 1306 esse
1163 1244 1316 1328 positum,
1360 1271 1361 1274 ¹

204 1343 313 1406 lacera
333 1342 390 1408 illa
411 1343 553 1409 frustula
574 1342 762 1408 consuenda
782 1363 864 1405 esse.
899 1340 1024 1429 Nempe
1045 1351 1240 1428 personatus
1261 1343 1317 1407 ille

204 1444 418 1509 Pherecrates
452 1445 522 1510 sive
556 1441 789 1523 Nicomachus,
823 1441 915 1506 cuius
942 1443 1091 1508 fraudem
1125 1442 1316 1530 Cyrenaeus

203 1547 327 1632 primus
351 1547 490 1630 detexit,
518 1547 791 1634 vituperationem
809 1545 989 1609 acutissimi
1011 1544 1128 1609 iudicis
1150 1567 1217 1609 non
1239 1545 1317 1610 effu·

203 1648 261 1732 git,
284 1646 365 1712 haec
383 1648 613 1713 Pherecratem
630 1647 801 1734 scripsisse
817 1645 974 1712 simulans
995 1657 1055 1710 ποῖ
1066 1649 1183 1732 ιιηχος;
1207 1641 1316 1724 εὐθὺς

203 1749 361 1812 Avarior).
1309 1759 1311 1762 ’

127 1847 128 1850 ’
288 1831 429 1915 Tairtum
450 1851 492 1916 de
504 1851 670 1916 Eratosth.
692 1853 779 1938 apud
801 1861 843 1918 et.
860 1875 903 1916 m.
920 1891 963 1902 --
981 1851 1036 1916 Ex
1054 1847 1168 1914 eodem
1191 1849 1315 1914 scholia

203 1952 246 2016 ad
277 1951 362 2016 Plat.
396 1951 495 2040 Soph.
528 1976 560 2039 p.
590 1955 652 2018 229
687 1953 798 2040 Steph.
833 1952 915 2018 haec
943 1952 1114 2040 proferunt
1149 1945 1251 2017 ”Arra
1273 1991 1314 2002 -

201 2047 441 2137 Ἐρατοσθένης
469 2054 506 2120 δὲ
536 2058 700 2140 χρονικῶς
738 2050 823 2120 αὐτό
855 2072 938 2138 φησι
972 2050 1311 2137 παραλαμβάνεσθαι·

202 2152 329 2220 Πόθον
349 2151 492 2237 χελιδών
510 2150 623 2239 πηνίκ’
650 2151 731 2221 ἅττα
753 2159 917 2238 φαίνεται.
939 2152 994 2219 καὶ
1018 2150 1136 2219 πάλιν·
1154 2149 1310 2239 ‘oraora’

147 2281 150 2288 ’
202 2251 274 2322 ἅττ’
305 2251 401 2341 ὑμεῖς
422 2253 621 2341 ὀρχούμενοι
646 2261 793 2322 κοπιᾶτε.
837 2257 985 2342 Respicit
1007 2255 1144 2321 fortasse
1165 2257 1310 2345 Hesych.

203 2354 302 2423 ἅττα
321 2397 364 2410 -
387 2359 442 2424 ιιαλ
464 2363 586 2437 ψιλαῖς·
609 2359 732 2443 ταχέως
758 2360 831 2424 coll.
855 2368 897 2422 et.
923 2381 965 2423 m.
988 2362 1062 2442 167,
1081 2362 1122 2423 46
1151 2368 1184 2423 et
1210 2358 1311 2426 schol.
1341 2437 1343 2442 Ι

202 2463 262 2526 Ar.
276 2462 364 2528 Avv.
386 2465 476 2527 1513.

287 2564 478 2628 Transimus
507 2563 550 2628 ad
576 2561 803 2628 Eratosthenis
828 2559 1019 2648 fragmenta
1036 2562 1071 2626 in
1095 2561 1209 2628 scholl.
1239 2564 1313 2628 Ari-

202 2666 307 2755 stoph.
341 2673 501 2749 servata,
519 2666 775 2758 fragmentorum
791 2662 956 2730 'ordinem
986 2686 1005 2728 a
1035 2663 1252 2752 Bernhardyo
1279 2691 1312 2754 p.

201 2770 369 2834 299--227
389 2769 603 2854 compositum
627 2767 765 2855 sequuti.
794 2764 902 2844 Schol.
926 2766 985 2831 Ar.
1008 2765 1094 2854 qu.
1119 2768 1181 2831 358
1199 2761 1313 2849 Ἐρα-
1348 2755 1350 2762 ’

201 2869 407 2951 τοσθόνης
425 2867 580 2953 μολγὸν
602 2868 657 2933 καὶ
679 2864 864 2952 ἀμολγόν
886 2863 946 2932 τὸν
965 2863 1071 2932 αὐτόν
1084 2873 1116 2952 ¹).
1141 2862 1312 2952 ιἰμολγούς

202 2972 239 3038 δὲ
262 2967 352 3054 παρὰ
367 2966 528 3055 τούτοις’)
551 2972 634 3055 φησὶ
650 2971 807 3054 λέγεσθαι
825 2968 905 3049 τούς
918 2966 1124 3056 ἀμέλγοντας
1141 2968 1181 3034 τὰ
1202 2966 1310 3044 ιιοινό.

196 3069 352 3149 Ἡσίοδος
372 3069 440 3155 δὲ’)
464 3069 565 3156 (μαζό
584 3067 613 3136 τ’
639 3066 832 3157 ἀμολγαίη.’
855 3074 890 3139 οἱ
911 3071 947 3138 δὲ
968 3067 1043 3137 ιἰντλ
1065 3075 1128 3137 τοῦ
1149 3066 1310 3154 ἀκμαῖον·

202 3169 291 3256 παρὰ
321 3168 358 3237 δὲ
386 3186 454 3252 τοῖς
481 3186 639 3260 κωμικοῖς
664 3172 825 3259 μόλγης
847 3169 865 3242 ὁ
889 3169 1060 3259 μοχθηρός
1082 3167 1196 3257 ὥσπερ
1219 3171 1310 3258 γόης.

202 3270 291 3342 οὗτοι
320 3272 545 3360 Σωκράτηςλ).
567 3315 609 3324 -
636 3269 774 3354 ’Ἁλλως-
808 3275 970 3361 Μολγόν·
1004 3276 1092 3354 τινὲς
1117 3273 1179 3364 μὲν
1204 3281 1309 3362 γλαῦ-

272 3448 298 3515 1)
316 3449 509 3516 Bernhardyus
527 3441 559 3499 τό
578 3438 659 3498 αότό.
694 3448 756 3500 Non
774 3467 851 3518 opus.

269 3533 295 3601 2)
316 3535 463 3601 Phrynich.
484 3554 512 3603 p.
527 3537 579 3588 216
598 3525 666 3602 παρ’
680 3528 821 3596 Ἀττικοῖς.
846 3540 940 3592 Recte.
966 3541 1027 3591 Hoc
1043 3555 1173 3606 reponere
1194 3538 1312 3590 debebat

198 3620 462 3690 Dindf.v01.11p.
485 3623 572 3676 2911.
593 3624 640 3686 17,
665 3623 713 3674 ubi
732 3624 798 3676 dicit
816 3630 825 3656 ‘
833 3616 956 3692 τοότοις]
970 3627 1077 3678 Atticos
1095 3626 1193 3687 dicit²;
1223 3625 1311 3676 etsie

199 3709 307 3775 saepius
331 3709 360 3760 in
378 3710 489 3761 scholiis
508 3695 588 3760 οὖτοι
610 3725 643 3760 ex
666 3705 697 3760 οἱ
714 3707 834 3761 Ἀττικοί
852 3719 1017 3780 corruptum.
1055 3713 1180 3764 Solennis
1201 3713 1310 3763 omnino

197 3795 266 3848 haec
283 3797 409 3848 confusio
427 3798 463 3849 cs.
483 3799 595 3850 Gesner.
614 3798 649 3848 ad
666 3797 772 3849 Aelian.
791 3799 819 3851 h.
832 3815 862 3851 n.
876 3817 903 3866 p.
916 3799 965 3853 981
988 3801 1071 3852 Gron.
1090 3801 1122 3851 F.
1142 3799 1309 3851 Boissonad.

198 3883 234 3934 ad
252 3883 403 3951 Theophyl.
423 3886 522 3937 Simoc.
538 3887 572 3949 Q.
590 3885 673 3951 Phys.
692 3902 720 3952 p.
739 3886 801 3938 288.
818 3887 960 3954 Moschop.
977 3902 1008 3941 π.
1024 3883 1099 3952 ογεδ.
1119 3903 1146 3952 p.
1164 3885 1225 3938 135.

266 3971 294 4037 3)
314 3959 515 4038 ‘Supplendum
537 3964 732 4036 ποιμενιιιόν.’

267 4059 294 4125 4)
315 4047 426 4118 toritas
448 4051 463 4109 ὁ
487 4051 610 4126 Κράτης.
648 4057 774 4112 Ceterum
796 4061 831 4130 de
854 4060 968 4112 Socrate
993 4058 1092 4127 (Coot)
1119 4061 1309 4127 grammatico,

196 4146 243 4211 qui
258 4145 342 4197 Orum
357 4146 495 4198 Milesium
512 4147 670 4211 infestavit,
696 4149 731 4199 cf.
753 4153 790 4198 et.
809 4164 844 4198 m.
865 4163 892 4213 p.
912 4147 978 4211 389,
998 4147 1032 4198 14
1050 4137 1158 4214 Εόβοΐς
1175 4148 1309 4200 Ritschel.

196 4231 230 4283 de
248 4233 303 4284 Oro
321 4251 348 4300 p.
368 4235 411 4284 52.
447 4233 514 4284 Eius
534 4223 693 4299 ἐπικλήσεις
715 4234 809 4284 laudat
829 4235 912 4300 Diog.
931 4235 1023 4285 Laert.
1047 4233 1125 4298 115,
1145 4235 1178 4284 47
1207 4235 1308 4285 Athen.

196 4319 240 4370 111
257 4336 284 4385 p.
306 4321 386 4372 lllB
402 4319 486 4372 schol.
506 4322 619 4397 hp.Rh.
639 4319 716 4373 1966
733 4325 761 4370 et
779 4321 865 4371 tacito
882 4321 990 4371 nomine
1007 4317 1156 4372 Herodian.
1177 4319 1244 4371 dict.
1258 4319 1308 4371 sol.
