2752 4890
127 341 168 402 92

126 507 301 573 fluctrrssse
330 509 415 573 inter
442 503 603 594 προὺχοιο
629 518 661 574 et
683 506 838 594 πρόχοιο;
860 521 1032 602 utrumque
1054 514 1155 580 habet
1178 515 1243 580 He·

127 610 217 700 syoh.
239 609 273 674 ΙΙ
299 614 388 675 1061.
420 615 511 678 1064.
541 613 757 698 Compnresse
776 614 902 680 iuvabit
924 617 1021 680 etiem
1044 616 1192 704 Hesycb.
1217 641 1242 683 s.

126 738 181 780 vv.
203 714 378 801 βυσαύχην
399 712 487 801 (coll.-
500 712 582 778 Poll.
595 713 630 777 II
650 714 722 802 1³5)
740 715 975 800 pscuvxs‘vag')
1012 719 1242 803 praeceperas

127 826 164 898 et
176 818 378 899 ὃεσανχένας
400 814 487 903 (wll.
511 815 606 880 Phot.
630 818 701 898 259,
727 817 791 903 13).
837 818 982 884 Transeo
1005 819 1048 883 ed
1071 819 1174 910 schol.
1198 821 1240 884 ed

127 919 179 984 El.
202 923 260 984 151
293 913 479 1002 ἀλιπαρῆ
501 919 631 1000 τρίχα·
672 922 869 1003 περιπαθῶς
890 919 952 1004 μὲν
975 917 1012 986 td
1035 925 1093 1005 τῆς
1113 926 1239 999 πενίας.

127 1019 164 1088 td
188 1015 227 1088 dl
246 1016 434 1106 ἀλιπαρῆ
455 1013 531 1086 ἀντὶ
553 1024 615 1084 τοῦ
632 1013 819 1106 αὑχμηράν.
843 1021 881 1086 ἐν
896 1021 932 1089 δὲ
946 1027 992 1112 τῷ
1006 1018 1241 1108 ὑπομνήματι·

127 1128 296 1209 λιπαρῆ,
324 1119 345 1190 ὅ
366 1122 473 1207 ἐστιν,
498 1120 531 1200 ἐξ
551 1111 589 1205 ής
618 1117 723 1188 αὐτὸν
744 1121 985 1210 λιπαρήσομεν,
1008 1120 1054 1203 ὑς
1077 1129 1108 1191 εἰ
1126 1121 1242 1210 ἔλεγεν

126 1228 231 1292 ἱκέτιν
252 1232 355 1312 τρίχα.
382 1226 529 1291 Evolves
545 1225 767 1312 Hesychium!
799 1251 840 1292 en
861 1227 922 1293 tibi
942 1229 1039 1294 lectio
1060 1228 1119 1294 illa
1141 1229 1242 1294 dubia
1272 1311 1276 1319 ⁸

127 1325 324 1413 ἀλιπαρῆ·
361 1322 553 1412 αὑχμῆράν,
581 1349 678 1415 quam
704 1337 813 1394 tuetur
836 1330 874 1394 T.
897 1329 1032 1414 Iohnro,
1064 1331 1242 1416 repudiant

127 1431 256 1498 Soheef.
278 1431 352 1496 mel.
377 1431 448 1496 orit.
463 1454 496 1517 p.
517 1431 576 1494 129
598 1429 741 1496 Passow.
765 1431 830 1496 lex.
851 1432 909 1497 Gr.
930 1432 947 1495 I
966 1455 998 1519 p.
1024 1436 1074 1515 84,
1097 1432 1126 1497 Ι.
1144 1434 1242 1498 Rich-

126 1543 215 1599 terus
244 1535 285 1599 de
306 1531 465 1620 Aeschyli
490 1532 659 1619 Sophoclis
688 1533 857 1620 Euripidis
881 1534 1115 1622 interpretibus
1139 1535 1243 1600 Gree-

128 1638 174 1700 cis
196 1658 228 1722 p.
254 1637 293 1699 29
322 1635 409 1698 inter
432 1655 486 1697 ees
509 1634 658 1698 lectionis
682 1637 857 1700 varietates
879 1645 1042 1719 recenset,
1071 1659 1156 1724 quae
1178 1639 1246 1724 ipsi,

128 1761 145 1803 e
170 1737 255 1802 male
277 1745 421 1803 sotorum
442 1736 691 1801 librariorumve
714 1736 888 1802 sedulitate
914 1746 1047 1802 exortae
1074 1739 1240 1804 videntur.

129 1841 217 1922 Quid
243 1839 367 1926 igitur?
399 1825 566 1904 Icciroone
595 1838 732 1927 Didymi
761 1840 1030 1905 commentarium
1046 1841 1242 1926 significari

128 1947 162 2008 in
202 1940 413 2032 sequentibus
453 1939 490 2005 ἐν
509 1938 558 2005 -ὑὲ
589 1945 634 2030 τῷ
671 1935 885 2026 ὑπομνήματι
926 1963 992 2006 non
1029 1942 1243 2030 putabimus?

129 2045 353 2113 credemusne
374 2043 426 2107 Pii
452 2043 544 2107 innui
570 2045 839 2108 commentarium
865 2043 976 2108 nescio
1002 2059 1115 2132 quem,
1147 2056 1185 2111 ut
1206 2046 1243 2112 ἐν

129 2147 164 2214 δὲ
188 2150 234 2235 τῷ
256 2139 471 2229 ὑπομνήματι
493 2145 563 2209 fere
586 2145 673 2209 idem
695 2143 805 2210 valeat
824 2152 921 2232 etque
943 2144 980 2210 ἐν
998 2142 1035 2210 δὲ
1054 2149 1101 2234 τῷ
1115 2136 1138 2233 β
1153 2142 1243 2216 ὑπο-

128 2247 285 2334 μνήματι,
308 2256 340 2312 et
359 2248 479 2335 opponi
503 2245 692 2333 Didymeo?
716 2245 837 2310 Gravis
859 2246 914 2310 hic
934 2247 1020 2312 foret
1041 2270 1142 2313 error.
1169 2249 1242 2316 Hoc

128 2355 214 2417 enim
232 2350 396 2436 significet
411 2357 582 2416 accuratus
600 2350 761 2436 interpres
778 2348 848 2431 Le„
873 2349 929 2435 qui
946 2349 1007 2414 hoo
1019 2371 1147 2437 quoque
1160 2351 1241 2435 loco,

128 2465 163 2520 ut
181 2475 280 2540 supra
295 2452 337 2516 ad
354 2450 471 2516 Trach.
492 2455 568 2516 1161
594 2451 716 2515 factum
734 2451 891 2533 vidimus,
914 2460 1086 2540 utrumque
1104 2452 1242 2542 Didymi

129 2579 209 2646 opus
234 2554 411 2638 consuluit,
436 2551 616 2641 Didymum
639 2555 672 2616 in
696 2554 801 2618 lexico
825 2575 883 2617 suo
906 2553 1023 2618 afferre
1044 2551 1178 2642 quidem
1197 2567 1242 2621 at·

129 2683 191 2749 que
215 2679 378 2746 exponere
399 2657 574 2721 lectionem
595 2650 759 2739 ἀλιπαρῆ,
789 2657 823 2721 in
843 2657 1072 2722 commentario
1095 2680 1175 2725 vero
1198 2659 1242 2724 el·

129 2772 231 2827 teram
260 2763 385 2844 λιπαρῆ
413 2761 633 2847 interpretari.
678 2759 795 2824 Falsus
819 2760 922 2845 igitur
943 2767 993 2822 est
1013 2759 1160 2825 Ritterus
1185 2761 1242 2826 Di-

130 2864 218 2950 dym.
250 2885 282 2948 p.
304 2863 344 2926 39
374 2860 534 2926 adnotans
569 2854 736 2945 *ἀλιπαρῆ
763 2859 930 2946 vulgatam
962 2882 1034 2924 esse
1070 2860 1243 2954 lectionem

130 2982 265 3047 eamque
295 2961 438 3046 primum
467 2961 641 3047 explicari,
672 2959 791 3024 deinde
817 2959 958 3046 proferri
980 2959 1118 3047 Didymi
1139 2963 1242 3050 ipsius

129 3070 330 3128 coniecturam
362 3062 451 3144 [sict]
481 3065 634 3148 λιπαρῆ.’
680 3063 767 3127 Hine
797 3063 892 3128 simul
915 3064 1020 3128 lucem
1042 3066 1243 3131 nanciscitur

132 3163 232 3230 schol.
252 3164 304 3228 El.
326 3166 398 3248 488,
420 3163 477 3230 ubi
499 3187 684 3251 repugnare
706 3163 837 3229 sibimet
853 3167 919 3252 ipsi
931 3164 1242 3252 hypomnematites

130 3267 270 3332 videtur.
295 3266 455 3331 Nimirum
473 3265 638 3354 Didymus
655 3269 689 3331 in
704 3269 935 3332 commentario
946 3259 1117 3345 ’πολὺπαις
1133 3268 1242 3335 lectio-

131 3394 206 3436 nem
226 3370 403 3458 edoptevit,
424 3370 458 3433 in
481 3369 588 3435 lexico
609 3371 734 3456 tragico
756 3391 851 3453 vero,
873 3391 936 3457 quo
958 3369 990 3433 h.
1012 3369 1035 3433 l.
1056 3369 1243 3458 Hesychius

130 3495 208 3538 usus
236 3479 387 3553 nonest,
418 3471 558 3536 sortasse
585 3472 625 3537 de
648 3468 823 3548 πολύπους
852 3472 1040 3559 disputavit.
1084 3472 1244 3539 Geminus

131 3577 201 3640 fere
222 3565 313 3640 locus
337 3575 432 3637 etiam
456 3573 575 3660 legitur
597 3576 631 3638 in
654 3563 755 3639 schol.
778 3573 820 3638 ed
836 3573 894 3639 Ar.
917 3573 1004 3638 Plut.
1031 3577 1111 3638 11137
1133 3574 1242 3641 Bekk.

217 3677 291 3758 Qua
308 3681 342 3740 in
367 3675 593 3764 disquisitione
616 3697 722 3762 neque
738 3675 801 3740 hoc
823 3675 954 3761 neglegi
974 3674 1080 3758 debet,
1103 3678 1193 3764 quod
1211 3679 1244 3741 in
1273 3677 1276 3684 ’

131 3779 298 3868 Hesychio
324 3801 341 3843 e
366 3779 470 3865 poetis
496 3786 528 3842 et
556 3777 690 3843 comicis
719 3786 751 3842 et
778 3777 912 3862 tragicis
940 3776 1110 3842 dumtaxat
1133 3801 1244 3844 eorum

130 3885 200 3950 fere
222 3883 353 3969 glossae
375 3881 591 3969 explicentur,
615 3902 695 3967 quos
717 3881 816 3945 etiem
838 3881 1078 3944 commentariis
1102 3881 1244 3947 illustre·

201 4126 226 4192 l)
246 4127 279 4176 L.
300 4141 323 4176 c.
343 4140 392 4190 pro
412 4115 649 4198 ἔνιοι-γράφεται
662 4123 723 4189 lege
742 4116 772 4173 ἔν
786 4137 842 4174 τισι
860 4140 899 4174 so.
919 4113 1116 4188 ἀντιγράφοις,
1155 4125 1245 4180 Verbo

130 4205 303 4284 μεσανχένας
323 4211 327 4277 Ι
348 4204 451 4270 νέκυας
476 4201 603 4269 ἀσώτους
628 4225 717 4276 neque
738 4211 811 4277 ipse,
837 4225 925 4276 neque
940 4210 1115 4276 Bergleinnm
1134 4217 1242 4262 secutus

130 4299 350 4350 Schneidewinus
365 4304 512 4351 attrectare
526 4299 700 4350 debebamus.
