<?xml version="1.0" encoding="UTF-8"?>
<!DOCTYPE html PUBLIC "-//W3C//DTD XHTML 1.0 Transitional//EN"
    "http://www.w3.org/TR/xhtml1/DTD/xhtml1-transitional.dtd">
<html xmlns="http://www.w3.org/1999/xhtml" xml:lang="en" lang="en">
 <head>
  <title>
</title>
<meta http-equiv="Content-Type" content="text/html;charset=utf-8" />
  <meta name='ocr-system' content='tesseract 3.04.00' />
  <meta name='ocr-capabilities' content='ocr_page ocr_carea ocr_par ocr_line ocrx_word'/>
</head>
<body>
  <div class='ocr_page' id='page_1' title='image "./didymichalcente01schmgoog_0182.png"; bbox 0 0 2752 4890; ppageno 0'>
   <div class='ocr_carea' id='block_1_1' title="bbox 517 387 1167 460">
    <p class='ocr_par' dir='ltr' id='par_1_1' title="bbox 517 387 1167 460">
     <span class='ocr_line' id='line_1_1' title="bbox 517 387 1167 460; baseline 0.018 -13"><span class='ocrx_word' id='word_1_1' title='bbox 517 387 713 448; x_wconf 84' lang='lat' dir='ltr'><strong><em>-P—</em></strong></span> <span class='ocrx_word' id='word_1_2' title='bbox 1109 395 1167 460; x_wconf 99' lang='grc'><strong><em>163</em></strong></span> 
     </span>
    </p>
   </div>
   <div class='ocr_carea' id='block_1_2' title="bbox 140 541 1165 838">
    <p class='ocr_par' dir='ltr' id='par_1_2' title="bbox 140 541 1154 838">
     <span class='ocr_line' id='line_1_2' title="bbox 150 541 864 643; baseline 0.011 -33"><span class='ocrx_word' id='word_1_3' title='bbox 150 544 197 634; x_wconf 85' lang='grc' dir='ltr'><strong><em>[τὸ</em></strong></span> <span class='ocrx_word' id='word_1_4' title='bbox 220 541 245 632; x_wconf 81' lang='grc' dir='ltr'>ἥ</span> <span class='ocrx_word' id='word_1_5' title='bbox 252 570 314 629; x_wconf 88' lang='grc' dir='ltr'><strong><em>ρει</em></strong></span> <span class='ocrx_word' id='word_1_6' title='bbox 339 543 422 612; x_wconf 81' lang='grc' dir='ltr'><strong><em>άνευ</em></strong></span> <span class='ocrx_word' id='word_1_7' title='bbox 444 553 507 613; x_wconf 80' lang='grc' dir='ltr'><strong><em>τοῦ</em></strong></span> <span class='ocrx_word' id='word_1_8' title='bbox 528 575 541 614; x_wconf 92' lang='grc' dir='ltr'><strong><em>ι</em></strong></span> <span class='ocrx_word' id='word_1_9' title='bbox 563 554 665 615; x_wconf 82' lang='grc' dir='ltr'><strong><em>πᾶσαι</em></strong></span> <span class='ocrx_word' id='word_1_10' title='bbox 690 548 788 636; x_wconf 79' lang='grc' dir='ltr'><strong><em>εἶχον.</em></strong></span> <span class='ocrx_word' id='word_1_11' title='bbox 810 555 864 643; x_wconf 83' lang='lat' dir='ltr'><strong><em>V.]</em></strong></span> 
     </span>
     <span class='ocr_line' id='line_1_3' title="bbox 140 643 1165 746; baseline 0.013 -35"><span class='ocrx_word' id='word_1_12' title='bbox 140 653 214 712; x_wconf 86' lang='grc'><strong>667.</strong></span> <span class='ocrx_word' id='word_1_13' title='bbox 236 643 343 725; x_wconf 76' lang='grc' dir='ltr'><strong><em>οὕτως</em></strong></span> <span class='ocrx_word' id='word_1_14' title='bbox 362 644 572 733; x_wconf 78' lang='grc' dir='ltr'><strong><em>Ἀρίσταρχος</em></strong></span> <span class='ocrx_word' id='word_1_15' title='bbox 592 652 653 717; x_wconf 78' lang='grc' dir='ltr'><strong><em>τοὶ</em></strong></span> <span class='ocrx_word' id='word_1_16' title='bbox 675 650 707 717; x_wconf 92' lang='grc' dir='ltr'><strong><em>δ’</em></strong></span> <span class='ocrx_word' id='word_1_17' title='bbox 728 651 919 739; x_wconf 82' lang='grc' dir='ltr'><strong><em>ἐβόησαν</em></strong></span> <span class='ocrx_word' id='word_1_18' title='bbox 942 657 1026 721; x_wconf 86' lang='lat' dir='ltr'><strong>Vide</strong></span> <span class='ocrx_word' id='word_1_19' title='bbox 1046 683 1077 746; x_wconf 92' lang='lat' dir='ltr'><strong>p</strong></span> <span class='ocrx_word' id='word_1_20' title='bbox 1097 665 1165 728; x_wconf 82' lang='lat'><strong>112.</strong></span> 
     </span>
     <span class='ocr_line' id='line_1_4' title="bbox 141 749 794 838; baseline 0.008 -23"><span class='ocrx_word' id='word_1_21' title='bbox 141 753 213 815; x_wconf 89' lang='lat'><strong>631.</strong></span> <span class='ocrx_word' id='word_1_22' title='bbox 237 749 370 834; x_wconf 77' lang='grc' dir='ltr'><strong><em>ἐφείη</em></strong></span> <span class='ocrx_word' id='word_1_23' title='bbox 393 752 503 836; x_wconf 70' lang='grc' dir='ltr'><strong><em>διχοῖς,</em></strong></span> <span class='ocrx_word' id='word_1_24' title='bbox 527 753 729 838; x_wconf 80' lang='grc' dir='ltr'><strong><em>καίέφείη.</em></strong></span> <span class='ocrx_word' id='word_1_25' title='bbox 752 757 794 820; x_wconf 98' lang='lat' dir='ltr'><strong><em>A.</em></strong></span> 
     </span>
    </p>
   </div>
   <div class='ocr_carea' id='block_1_3' title="bbox 146 849 1288 974">
    <p class='ocr_par' dir='ltr' id='par_1_3' title="bbox 146 849 1288 974">
     <span class='ocr_line' id='line_1_5' title="bbox 146 849 1288 974; baseline 0.012 -58"><span class='ocrx_word' id='word_1_26' title='bbox 146 856 218 917; x_wconf 87' lang='grc'><strong>637.</strong></span> <span class='ocrx_word' id='word_1_27' title='bbox 248 853 289 916; x_wconf 79' lang='grc' dir='ltr'><strong><em>οἵ</em></strong></span> <span class='ocrx_word' id='word_1_28' title='bbox 314 874 393 917; x_wconf 84' lang='grc' dir='ltr'><strong><em>που</em></strong></span> <span class='ocrx_word' id='word_1_29' title='bbox 421 849 552 937; x_wconf 80' lang='grc' dir='ltr'><strong><em>δεῦρ’·</em></strong></span> <span class='ocrx_word' id='word_1_30' title='bbox 579 849 688 932; x_wconf 76' lang='grc' dir='ltr'><strong><em>οὕτως</em></strong></span> <span class='ocrx_word' id='word_1_31' title='bbox 707 850 926 942; x_wconf 79' lang='grc' dir='ltr'><em>Ἀρίσταρχος,</em></span> <span class='ocrx_word' id='word_1_32' title='bbox 955 856 1050 974; x_wconf 77' lang='grc' dir='ltr'><strong><em>ἄλλοι</em></strong></span> <span class='ocrx_word' id='word_1_33' title='bbox 1074 863 1168 930; x_wconf 73' lang='grc' dir='ltr'><strong><em>δέοι</em></strong></span> <span class='ocrx_word' id='word_1_34' title='bbox 1155 867 1171 892; x_wconf 84' lang='lat'><strong><em>‘&#39;</em></strong></span> <span class='ocrx_word' id='word_1_35' title='bbox 1282 857 1288 864; x_wconf 59' lang='grc'>’</span> 
     </span>
    </p>
   </div>
   <div class='ocr_carea' id='block_1_4' title="bbox 59 953 1165 1454">
    <p class='ocr_par' dir='ltr' id='par_1_4' title="bbox 59 953 1165 1454">
     <span class='ocr_line' id='line_1_6' title="bbox 59 953 541 1044; baseline 0.002 -26"><span class='ocrx_word' id='word_1_36' title='bbox 59 957 248 1018; x_wconf 81' lang='grc' dir='ltr'><strong><em>πουνῠν.</em></strong></span> <span class='ocrx_word' id='word_1_37' title='bbox 272 955 314 1018; x_wconf 98' lang='lat' dir='ltr'><strong><em>A.</em></strong></span> <span class='ocrx_word' id='word_1_38' title='bbox 338 953 468 1041; x_wconf 74' lang='grc' dir='ltr'><strong><em>[κακῶς</em></strong></span> <span class='ocrx_word' id='word_1_39' title='bbox 488 955 541 1044; x_wconf 85' lang='lat' dir='ltr'><strong><em>V.]</em></strong></span> 
     </span>
     <span class='ocr_line' id='line_1_7' title="bbox 145 1051 1165 1147; baseline 0.012 -28"><span class='ocrx_word' id='word_1_40' title='bbox 145 1056 216 1119; x_wconf 89' lang='lat'><strong>681.</strong></span> <span class='ocrx_word' id='word_1_41' title='bbox 246 1051 354 1133; x_wconf 83' lang='grc' dir='ltr'><strong><em>οὕτως</em></strong></span> <span class='ocrx_word' id='word_1_42' title='bbox 380 1051 590 1140; x_wconf 78' lang='grc' dir='ltr'><strong><em>Ἀρίσταρχος</em></strong></span> <span class='ocrx_word' id='word_1_43' title='bbox 620 1061 779 1143; x_wconf 87' lang='grc' dir='ltr'><strong><em>ίδοιτο,</em></strong></span> <span class='ocrx_word' id='word_1_44' title='bbox 815 1055 855 1124; x_wconf 85' lang='grc' dir='ltr'><strong><em>τά</em></strong></span> <span class='ocrx_word' id='word_1_45' title='bbox 887 1055 968 1126; x_wconf 83' lang='grc' dir='ltr'><strong><em>ὄσσε</em></strong></span> <span class='ocrx_word' id='word_1_46' title='bbox 1000 1061 1165 1147; x_wconf 85' lang='grc' dir='ltr'><strong><em>δηλονότι.</em></strong></span> 
     </span>
     <span class='ocr_line' id='line_1_8' title="bbox 62 1156 341 1246; baseline 0.011 -25"><span class='ocrx_word' id='word_1_47' title='bbox 62 1156 115 1221; x_wconf 80' lang='lat' dir='ltr'><strong>Of.</strong></span> <span class='ocrx_word' id='word_1_48' title='bbox 137 1157 208 1222; x_wconf 90' lang='lat' dir='ltr'><strong>BV.</strong></span> <span class='ocrx_word' id='word_1_49' title='bbox 338 1241 341 1246; x_wconf 17' lang='grc' dir='ltr'>Ι</span> 
     </span>
     <span class='ocr_line' id='line_1_9' title="bbox 150 1253 1126 1346; baseline 0.012 -26"><span class='ocrx_word' id='word_1_50' title='bbox 150 1261 221 1320; x_wconf 84' lang='grc'><strong>721.</strong></span> <span class='ocrx_word' id='word_1_51' title='bbox 243 1257 454 1340; x_wconf 88' lang='grc' dir='ltr'><strong><em>μένοντες·</em></strong></span> <span class='ocrx_word' id='word_1_52' title='bbox 473 1253 715 1344; x_wconf 77' lang='grc' dir='ltr'><strong><em>Ἀριστοφάνης</em></strong></span> <span class='ocrx_word' id='word_1_53' title='bbox 736 1263 860 1338; x_wconf 78' lang='grc' dir='ltr'><strong><em>δυλιιως</em></strong></span> <span class='ocrx_word' id='word_1_54' title='bbox 880 1263 1064 1346; x_wconf 82' lang='grc' dir='ltr'><strong><em>μένοντε.</em></strong></span> <span class='ocrx_word' id='word_1_55' title='bbox 1085 1269 1126 1332; x_wconf 94' lang='lat' dir='ltr'><strong>A.</strong></span> 
     </span>
     <span class='ocr_line' id='line_1_10' title="bbox 147 1353 1140 1454; baseline 0.013 -33"><span class='ocrx_word' id='word_1_56' title='bbox 147 1364 231 1436; x_wconf 81' lang='grc'><strong>[751.</strong></span> <span class='ocrx_word' id='word_1_57' title='bbox 255 1353 355 1423; x_wconf 82' lang='grc' dir='ltr'><strong><em>οὐδέ</em></strong></span> <span class='ocrx_word' id='word_1_58' title='bbox 373 1360 416 1423; x_wconf 91' lang='grc' dir='ltr'><strong><em>τέ</em></strong></span> <span class='ocrx_word' id='word_1_59' title='bbox 432 1383 511 1442; x_wconf 93' lang='grc' dir='ltr'><strong><em>μιν.</em></strong></span> <span class='ocrx_word' id='word_1_60' title='bbox 547 1355 788 1454; x_wconf 84' lang='grc' dir='ltr'><strong><em>Ἀριστοφάνης</em></strong></span> <span class='ocrx_word' id='word_1_61' title='bbox 807 1359 908 1428; x_wconf 83' lang='grc' dir='ltr'><strong><em>οὐδέ</em></strong></span> <span class='ocrx_word' id='word_1_62' title='bbox 925 1367 965 1428; x_wconf 87' lang='grc' dir='ltr'><strong><em>τί</em></strong></span> <span class='ocrx_word' id='word_1_63' title='bbox 983 1391 1063 1450; x_wconf 92' lang='grc' dir='ltr'><strong><em>μιν.</em></strong></span> <span class='ocrx_word' id='word_1_64' title='bbox 1087 1371 1140 1447; x_wconf 92' lang='lat' dir='ltr'><strong><em>V.]</em></strong></span> 
     </span>
    </p>
   </div>
   <div class='ocr_carea' id='block_1_5' title="bbox 602 1521 644 1588">
    <p class='ocr_par' dir='ltr' id='par_1_5' title="bbox 602 1521 644 1588">
     <span class='ocr_line' id='line_1_11' title="bbox 602 1521 644 1588; baseline 0 0"><span class='ocrx_word' id='word_1_65' title='bbox 602 1521 644 1588; x_wconf 84' lang='grc' dir='ltr'><strong><em>Σ.</em></strong></span> 
     </span>
    </p>
   </div>
   <div class='ocr_carea' id='block_1_6' title="bbox 19 1639 1171 2680">
    <p class='ocr_par' dir='ltr' id='par_1_6' title="bbox 19 1639 1171 2664">
     <span class='ocr_line' id='line_1_12' title="bbox 149 1639 1171 1742; baseline 0.018 -34"><span class='ocrx_word' id='word_1_66' title='bbox 149 1650 264 1711; x_wconf 79' lang='grc'><strong>1611.</strong></span> <span class='ocrx_word' id='word_1_67' title='bbox 310 1645 347 1709; x_wconf 78' lang='grc' dir='ltr'><strong><em>ἐν</em></strong></span> <span class='ocrx_word' id='word_1_68' title='bbox 374 1670 414 1733; x_wconf 90' lang='grc' dir='ltr'><strong><em>τη</em></strong></span> <span class='ocrx_word' id='word_1_69' title='bbox 435 1639 567 1712; x_wconf 80' lang='grc' dir='ltr'><strong><em>Ῥιανοῦ</em></strong></span> <span class='ocrx_word' id='word_1_70' title='bbox 586 1649 641 1714; x_wconf 77' lang='grc' dir='ltr'><strong><em>καί</em></strong></span> <span class='ocrx_word' id='word_1_71' title='bbox 660 1644 921 1734; x_wconf 87' lang='grc' dir='ltr'><strong><em>Ἀριστοφάνους</em></strong></span> <span class='ocrx_word' id='word_1_72' title='bbox 942 1651 1006 1722; x_wconf 85' lang='grc' dir='ltr'><strong><em>οόιι</em></strong></span> <span class='ocrx_word' id='word_1_73' title='bbox 1029 1647 1116 1742; x_wconf 91' lang='grc' dir='ltr'><strong><em>ησαν</em></strong></span> <span class='ocrx_word' id='word_1_74' title='bbox 1137 1663 1171 1726; x_wconf 89' lang='grc' dir='ltr'><strong><em>οί</em></strong></span> 
     </span>
     <span class='ocr_line' id='line_1_13' title="bbox 61 1737 1168 1846; baseline 0.012 -32"><span class='ocrx_word' id='word_1_75' title='bbox 61 1755 100 1834; x_wconf 93' lang='grc' dir='ltr'><strong><em>β,</em></strong></span> <span class='ocrx_word' id='word_1_76' title='bbox 123 1755 203 1825; x_wconf 83' lang='grc' dir='ltr'><strong><em>ίσως</em></strong></span> <span class='ocrx_word' id='word_1_77' title='bbox 224 1747 296 1813; x_wconf 78' lang='grc' dir='ltr'><strong><em>ἐπεὶ</em></strong></span> <span class='ocrx_word' id='word_1_78' title='bbox 316 1743 380 1812; x_wconf 84' lang='grc' dir='ltr'><strong><em>οὐκ</em></strong></span> <span class='ocrx_word' id='word_1_79' title='bbox 402 1737 446 1831; x_wconf 80' lang='grc' dir='ltr'><strong><em>ἦν</em></strong></span> <span class='ocrx_word' id='word_1_80' title='bbox 467 1745 699 1832; x_wconf 80' lang='grc' dir='ltr'><strong><em>Μυρμιδόν</em></strong></span> <span class='ocrx_word' id='word_1_81' title='bbox 684 1774 702 1816; x_wconf 96' lang='grc' dir='ltr'><strong><em>ο</em></strong></span> <span class='ocrx_word' id='word_1_82' title='bbox 725 1749 935 1837; x_wconf 84' lang='grc' dir='ltr'><strong><em>Πάτροκλος·</em></strong></span> <span class='ocrx_word' id='word_1_83' title='bbox 956 1757 1143 1843; x_wconf 84' lang='grc' dir='ltr'><strong><em>Λοκρός</em></strong></span> <span class='ocrx_word' id='word_1_84' title='bbox 1105 1787 1168 1846; x_wconf 87' lang='grc' dir='ltr'><strong><em>γαρ</em></strong></span> 
     </span>
     <span class='ocr_line' id='line_1_14' title="bbox 60 1845 1169 1968; baseline 0.012 -52"><span class='ocrx_word' id='word_1_85' title='bbox 60 1877 104 1936; x_wconf 95' lang='grc' dir='ltr'><strong><em>ην</em></strong></span> <span class='ocrx_word' id='word_1_86' title='bbox 127 1851 160 1930; x_wconf 79' lang='grc' dir='ltr'><strong><em>ἐξ</em></strong></span> <span class='ocrx_word' id='word_1_87' title='bbox 179 1847 370 1926; x_wconf 82' lang='grc' dir='ltr'><strong><em>Ὀποῦντος.</em></strong></span> <span class='ocrx_word' id='word_1_88' title='bbox 390 1851 462 1914; x_wconf 91' lang='grc' dir='ltr'><strong><em>δειν</em></strong></span> <span class='ocrx_word' id='word_1_89' title='bbox 481 1851 520 1914; x_wconf 89' lang='grc' dir='ltr'><strong><em>δέ</em></strong></span> <span class='ocrx_word' id='word_1_90' title='bbox 540 1865 670 1968; x_wconf 45' lang='lat' dir='ltr'><strong>emoto„</strong></span> <span class='ocrx_word' id='word_1_91' title='bbox 663 1845 682 1913; x_wconf 90' lang='lat'><strong>6</strong></span> <span class='ocrx_word' id='word_1_92' title='bbox 701 1845 978 1939; x_wconf 83' lang='grc' dir='ltr'><strong><em>Αρίσταρχως”</em></strong></span> <span class='ocrx_word' id='word_1_93' title='bbox 936 1882 1043 1938; x_wconf 90' lang='grc' dir='ltr'><strong><em>ουτως</em></strong></span> <span class='ocrx_word' id='word_1_94' title='bbox 1065 1857 1169 1928; x_wconf 78' lang='grc' dir='ltr'><strong><em>αὐτὸν</em></strong></span> 
     </span>
     <span class='ocr_line' id='line_1_15' title="bbox 62 1945 1168 2084; baseline 0.01 -66"><span class='ocrx_word' id='word_1_95' title='bbox 62 1952 322 2037; x_wconf 84' lang='grc' dir='ltr'><strong><em>παραδέχεσθαι,</em></strong></span> <span class='ocrx_word' id='word_1_96' title='bbox 350 1946 412 2015; x_wconf 82' lang='grc' dir='ltr'><strong><em>τόν</em></strong></span> <span class='ocrx_word' id='word_1_97' title='bbox 444 1950 526 2033; x_wconf 82' lang='grc' dir='ltr'><strong><em>μετὰ</em></strong></span> <span class='ocrx_word' id='word_1_98' title='bbox 559 1947 621 2016; x_wconf 89' lang='grc' dir='ltr'><strong><em>τόν</em></strong></span> <span class='ocrx_word' id='word_1_99' title='bbox 649 1945 788 2036; x_wconf 78' lang='grc' dir='ltr'><strong><em>ἄριστον</em></strong></span> <span class='ocrx_word' id='word_1_100' title='bbox 822 1961 892 2021; x_wconf 72' lang='grc' dir='ltr'><strong><em>τοῖν</em></strong></span> <span class='ocrx_word' id='word_1_101' title='bbox 923 1961 1168 2084; x_wconf 86' lang='grc' dir='ltr'><strong><em>Μυρμιδόνων.</em></strong></span> 
     </span>
     <span class='ocr_line' id='line_1_16' title="bbox 63 2047 1170 2147; baseline 0.009 -27"><span class='ocrx_word' id='word_1_102' title='bbox 63 2055 118 2120; x_wconf 77' lang='grc' dir='ltr'><strong><em>καὶ</em></strong></span> <span class='ocrx_word' id='word_1_103' title='bbox 141 2053 224 2120; x_wconf 86' lang='grc' dir='ltr'><strong><em>κατά</em></strong></span> <span class='ocrx_word' id='word_1_104' title='bbox 245 2077 339 2129; x_wconf 90' lang='grc' dir='ltr'><strong><em>τινας</em></strong></span> <span class='ocrx_word' id='word_1_105' title='bbox 359 2051 411 2116; x_wconf 75' lang='grc' dir='ltr'><strong><em>δὲ</em></strong></span> <span class='ocrx_word' id='word_1_106' title='bbox 418 2056 487 2117; x_wconf 76' lang='grc' dir='ltr'><strong><em>ταῖν</em></strong></span> <span class='ocrx_word' id='word_1_107' title='bbox 508 2047 587 2136; x_wconf 82' lang='grc' dir='ltr'><strong><em>μεθ’</em></strong></span> <span class='ocrx_word' id='word_1_108' title='bbox 609 2047 760 2139; x_wconf 82' lang='grc' dir='ltr'><strong><em>Ὅμηρον</em></strong></span> <span class='ocrx_word' id='word_1_109' title='bbox 780 2051 953 2141; x_wconf 75' lang='lat' dir='ltr'><strong><em>&#39;“Auvoio</em></strong></span> <span class='ocrx_word' id='word_1_110' title='bbox 938 2060 1086 2147; x_wconf 79' lang='grc' dir='ltr'><strong><em>οπατὴρ</em></strong></span> <span class='ocrx_word' id='word_1_111' title='bbox 1107 2070 1170 2130; x_wconf 81' lang='grc' dir='ltr'><strong><em>τοῦ</em></strong></span> 
     </span>
     <span class='ocr_line' id='line_1_17' title="bbox 62 2153 1169 2245; baseline 0.008 -24"><span class='ocrx_word' id='word_1_112' title='bbox 62 2161 249 2240; x_wconf 83' lang='grc' dir='ltr'><strong><em>Μενοιτίου</em></strong></span> <span class='ocrx_word' id='word_1_113' title='bbox 271 2153 401 2236; x_wconf 81' lang='grc' dir='ltr'><strong><em>λέγεται</em></strong></span> <span class='ocrx_word' id='word_1_114' title='bbox 423 2158 539 2238; x_wconf 82' lang='grc' dir='ltr'><strong><em>λαβιῖν</em></strong></span> <span class='ocrx_word' id='word_1_115' title='bbox 559 2160 722 2238; x_wconf 86' lang='grc' dir='ltr'><strong><em>Αίγιναν,</em></strong></span> <span class='ocrx_word' id='word_1_116' title='bbox 751 2156 788 2220; x_wconf 80' lang='grc' dir='ltr'><strong><em>ἐκ</em></strong></span> <span class='ocrx_word' id='word_1_117' title='bbox 808 2157 931 2242; x_wconf 82' lang='grc' dir='ltr'><strong><em>ταύτης</em></strong></span> <span class='ocrx_word' id='word_1_118' title='bbox 953 2161 990 2228; x_wconf 75' lang='grc' dir='ltr'><strong><em>δὲ</em></strong></span> <span class='ocrx_word' id='word_1_119' title='bbox 1011 2165 1169 2245; x_wconf 87' lang='grc' dir='ltr'><strong><em>γενέσθαι</em></strong></span> 
     </span>
     <span class='ocr_line' id='line_1_18' title="bbox 64 2250 1169 2345; baseline 0.006 -23"><span class='ocrx_word' id='word_1_120' title='bbox 64 2260 249 2322; x_wconf 89' lang='grc' dir='ltr'><strong><em>Μενοίτιον</em></strong></span> <span class='ocrx_word' id='word_1_121' title='bbox 269 2259 324 2323; x_wconf 84' lang='grc' dir='ltr'><strong><em>καὶ</em></strong></span> <span class='ocrx_word' id='word_1_122' title='bbox 345 2261 477 2342; x_wconf 81' lang='grc' dir='ltr'><strong><em>οἰκῆσαι</em></strong></span> <span class='ocrx_word' id='word_1_123' title='bbox 500 2256 539 2320; x_wconf 84' lang='grc' dir='ltr'><strong><em>ἐν</em></strong></span> <span class='ocrx_word' id='word_1_124' title='bbox 554 2250 721 2321; x_wconf 82' lang='grc' dir='ltr'><strong><em>Ὀποῦντι.</em></strong></span> <span class='ocrx_word' id='word_1_125' title='bbox 766 2253 875 2336; x_wconf 79' lang='grc' dir='ltr'><strong><em>οὕτως</em></strong></span> <span class='ocrx_word' id='word_1_126' title='bbox 902 2251 967 2326; x_wconf 83' lang='grc' dir='ltr'><strong><em>οὖν</em></strong></span> <span class='ocrx_word' id='word_1_127' title='bbox 987 2267 1113 2345; x_wconf 86' lang='grc' dir='ltr'><strong><em>γίνεται</em></strong></span> <span class='ocrx_word' id='word_1_128' title='bbox 1131 2259 1169 2329; x_wconf 85' lang='grc' dir='ltr'><strong><em>τό</em></strong></span> 
     </span>
     <span class='ocr_line' id='line_1_19' title="bbox 19 2352 1171 2446; baseline 0.006 -24"><span class='ocrx_word' id='word_1_129' title='bbox 19 2357 21 2362; x_wconf 76' lang='grc'><strong>’</strong></span> <span class='ocrx_word' id='word_1_130' title='bbox 61 2353 230 2423; x_wconf 81' lang='grc' dir='ltr'><strong><em>ἀνέκαθεν</em></strong></span> <span class='ocrx_word' id='word_1_131' title='bbox 252 2357 446 2444; x_wconf 72' lang='grc' dir='ltr'><strong><em>Μυρμιδὼν</em></strong></span> <span class='ocrx_word' id='word_1_132' title='bbox 467 2352 485 2423; x_wconf 89' lang='grc' dir='ltr'><strong><em>ό</em></strong></span> <span class='ocrx_word' id='word_1_133' title='bbox 505 2353 707 2441; x_wconf 88' lang='grc' dir='ltr'><strong><em>Πάτροκλος.</em></strong></span> <span class='ocrx_word' id='word_1_134' title='bbox 752 2357 893 2424; x_wconf 84' lang='grc' dir='ltr'><strong><em>δύναται</em></strong></span> <span class='ocrx_word' id='word_1_135' title='bbox 916 2360 1031 2427; x_wconf 76' lang='grc' dir='ltr'><strong><em>δὲκαὶ</em></strong></span> <span class='ocrx_word' id='word_1_136' title='bbox 1053 2363 1171 2446; x_wconf 79' lang='grc' dir='ltr'><strong><em>ἑτέρως</em></strong></span> 
     </span>
     <span class='ocr_line' id='line_1_20' title="bbox 64 2455 1171 2548; baseline 0.004 -25"><span class='ocrx_word' id='word_1_137' title='bbox 64 2455 294 2543; x_wconf 74' lang='lat' dir='ltr'><strong><em>Mvopuioiv‘</em></strong></span> <span class='ocrx_word' id='word_1_138' title='bbox 279 2486 299 2526; x_wconf 96' lang='grc' dir='ltr'><strong><em>ο</em></strong></span> <span class='ocrx_word' id='word_1_139' title='bbox 321 2461 514 2546; x_wconf 86' lang='grc' dir='ltr'><strong><em>Πάτροκλος</em></strong></span> <span class='ocrx_word' id='word_1_140' title='bbox 529 2459 688 2541; x_wconf 85' lang='grc' dir='ltr'><strong><em>λέγεσθαι</em></strong></span> <span class='ocrx_word' id='word_1_141' title='bbox 703 2455 759 2522; x_wconf 81' lang='grc' dir='ltr'><strong><em>διὰ</em></strong></span> <span class='ocrx_word' id='word_1_142' title='bbox 780 2458 818 2523; x_wconf 88' lang='grc' dir='ltr'><strong><em>τδ</em></strong></span> <span class='ocrx_word' id='word_1_143' title='bbox 840 2460 923 2544; x_wconf 80' lang='grc' dir='ltr'><strong><em>μετὰ</em></strong></span> <span class='ocrx_word' id='word_1_144' title='bbox 943 2459 1004 2527; x_wconf 89' lang='grc' dir='ltr'><strong><em>τδν</em></strong></span> <span class='ocrx_word' id='word_1_145' title='bbox 1023 2459 1171 2548; x_wconf 91' lang='grc' dir='ltr'><strong><em>Ἀχιλλέα</em></strong></span> 
     </span>
     <span class='ocr_line' id='line_1_21' title="bbox 63 2554 1171 2680; baseline 0.005 -56"><span class='ocrx_word' id='word_1_146' title='bbox 63 2556 254 2644; x_wconf 83' lang='grc' dir='ltr'><strong><em>ἡγήσασθαι</em></strong></span> <span class='ocrx_word' id='word_1_147' title='bbox 277 2567 346 2627; x_wconf 74' lang='grc' dir='ltr'><strong><em>τῶν</em></strong></span> <span class='ocrx_word' id='word_1_148' title='bbox 354 2554 611 2680; x_wconf 79' lang='grc' dir='ltr'><strong><em>Μυρμιδόνων</em></strong></span> <span class='ocrx_word' id='word_1_149' title='bbox 650 2579 720 2634; x_wconf 90' lang='grc' dir='ltr'><strong><em>πως</em></strong></span> <span class='ocrx_word' id='word_1_150' title='bbox 741 2559 788 2644; x_wconf 90' lang='grc' dir='ltr'><strong><em>δέ,</em></strong></span> <span class='ocrx_word' id='word_1_151' title='bbox 811 2565 911 2645; x_wconf 88' lang='grc' dir='ltr'><strong><em>φασί,</em></strong></span> <span class='ocrx_word' id='word_1_152' title='bbox 939 2569 1039 2628; x_wconf 83' lang='grc' dir='ltr'><strong><em>τοῦτο</em></strong></span> <span class='ocrx_word' id='word_1_153' title='bbox 1062 2586 1171 2629; x_wconf 86' lang='grc' dir='ltr'><strong><em>πεπυ·</em></strong></span> 
     </span>
    </p>
   </div>
   <div class='ocr_carea' id='block_1_7' title="bbox 63 2655 1347 2760">
    <p class='ocr_par' dir='ltr' id='par_1_7' title="bbox 63 2655 1347 2760">
     <span class='ocr_line' id='line_1_22' title="bbox 63 2655 1347 2760; baseline 0.002 -34"><span class='ocrx_word' id='word_1_154' title='bbox 63 2664 184 2745; x_wconf 81' lang='grc' dir='ltr'><strong><em>σμένος</em></strong></span> <span class='ocrx_word' id='word_1_155' title='bbox 212 2659 301 2746; x_wconf 77' lang='grc' dir='ltr'><strong><em>παρὰ</em></strong></span> <span class='ocrx_word' id='word_1_156' title='bbox 326 2666 385 2746; x_wconf 80' lang='grc' dir='ltr'><strong><em>τῆς</em></strong></span> <span class='ocrx_word' id='word_1_157' title='bbox 417 2655 541 2745; x_wconf 83' lang='grc' dir='ltr'><strong><em>μητρὸς</em></strong></span> <span class='ocrx_word' id='word_1_158' title='bbox 562 2661 687 2742; x_wconf 78' lang='grc' dir='ltr'><strong><em>ἔπεμπε</em></strong></span> <span class='ocrx_word' id='word_1_159' title='bbox 721 2658 782 2724; x_wconf 84' lang='grc' dir='ltr'><strong><em>τόν</em></strong></span> <span class='ocrx_word' id='word_1_160' title='bbox 802 2661 1002 2748; x_wconf 82' lang='grc' dir='ltr'><strong><em>Πάτροκλον</em></strong></span> <span class='ocrx_word' id='word_1_161' title='bbox 1032 2665 1078 2740; x_wconf 83' lang='grc' dir='ltr'><strong><em>είς</em></strong></span> <span class='ocrx_word' id='word_1_162' title='bbox 1110 2657 1171 2727; x_wconf 81' lang='grc' dir='ltr'><strong><em>τόν</em></strong></span> <span class='ocrx_word' id='word_1_163' title='bbox 1236 2757 1237 2760; x_wconf 8' lang='lat'>¹</span> <span class='ocrx_word' id='word_1_164' title='bbox 1343 2683 1347 2692; x_wconf 88' lang='lat'>·</span> 
     </span>
    </p>
   </div>
   <div class='ocr_carea' id='block_1_8' title="bbox 40 2758 1175 4252">
    <p class='ocr_par' dir='ltr' id='par_1_8' title="bbox 64 2758 454 2846">
     <span class='ocr_line' id='line_1_23' title="bbox 64 2758 454 2846; baseline -0.005 -19"><span class='ocrx_word' id='word_1_165' title='bbox 64 2761 230 2846; x_wconf 84' lang='grc' dir='ltr'><strong><em>πόλεμον;</em></strong></span> <span class='ocrx_word' id='word_1_166' title='bbox 249 2758 302 2828; x_wconf 83' lang='grc' dir='ltr'><strong><em>ὅτι</em></strong></span> <span class='ocrx_word' id='word_1_167' title='bbox 321 2767 390 2828; x_wconf 89' lang='grc' dir='ltr'><strong><em>ιιτλ.</em></strong></span> <span class='ocrx_word' id='word_1_168' title='bbox 413 2762 454 2826; x_wconf 93' lang='lat' dir='ltr'><strong><em>A.</em></strong></span> 
     </span>
    </p>

    <p class='ocr_par' dir='ltr' id='par_1_9' title="bbox 40 2854 1172 3148">
     <span class='ocr_line' id='line_1_24' title="bbox 146 2854 1171 2947; baseline 0 -20"><span class='ocrx_word' id='word_1_169' title='bbox 146 2869 194 2927; x_wconf 89' lang='grc'><strong><em>14.</em></strong></span> <span class='ocrx_word' id='word_1_170' title='bbox 218 2855 272 2940; x_wconf 60' lang='lat' dir='ltr'><strong><em>oio</em></strong></span> <span class='ocrx_word' id='word_1_171' title='bbox 291 2861 359 2927; x_wconf 80' lang='grc' dir='ltr'><strong><em>ἐπὶ</em></strong></span> <span class='ocrx_word' id='word_1_172' title='bbox 381 2865 483 2945; x_wconf 81' lang='grc' dir='ltr'><strong><em>νῆας</em></strong></span> <span class='ocrx_word' id='word_1_173' title='bbox 502 2854 747 2943; x_wconf 86' lang='grc' dir='ltr'><strong><em>ίμεν·-οότως</em></strong></span> <span class='ocrx_word' id='word_1_174' title='bbox 761 2863 797 2924; x_wconf 88' lang='grc' dir='ltr'><strong><em>αί</em></strong></span> <span class='ocrx_word' id='word_1_175' title='bbox 807 2857 1033 2947; x_wconf 88' lang='grc' dir='ltr'><strong><em>Ἀριστάρχου.</em></strong></span> <span class='ocrx_word' id='word_1_176' title='bbox 1049 2863 1087 2928; x_wconf 82' lang='grc' dir='ltr'><strong><em>έν</em></strong></span> <span class='ocrx_word' id='word_1_177' title='bbox 1101 2863 1171 2928; x_wconf 80' lang='grc' dir='ltr'><strong><em>ένί-</em></strong></span> 
     </span>
     <span class='ocr_line' id='line_1_25' title="bbox 40 2955 1172 3048; baseline 0.001 -20"><span class='ocrx_word' id='word_1_178' title='bbox 40 2988 117 3041; x_wconf 82' lang='grc' dir='ltr'><strong><em>.αις</em></strong></span> <span class='ocrx_word' id='word_1_179' title='bbox 136 2962 173 3028; x_wconf 76' lang='grc' dir='ltr'><strong><em>δὲ</em></strong></span> <span class='ocrx_word' id='word_1_180' title='bbox 195 2961 341 3046; x_wconf 81' lang='grc' dir='ltr'><strong><em>φαύλως·</em></strong></span> <span class='ocrx_word' id='word_1_181' title='bbox 360 2966 462 3044; x_wconf 79' lang='grc' dir='ltr'><strong><em>νῆας</em></strong></span> <span class='ocrx_word' id='word_1_182' title='bbox 484 2955 544 3024; x_wconf 82' lang='grc' dir='ltr'><strong><em>ἔπ’</em></strong></span> <span class='ocrx_word' id='word_1_183' title='bbox 574 2955 627 3038; x_wconf 68' lang='lat' dir='ltr'><strong><em>cto</em></strong></span> <span class='ocrx_word' id='word_1_184' title='bbox 654 2963 770 3025; x_wconf 86' lang='grc' dir='ltr'><strong><em>ίέναι.</em></strong></span> <span class='ocrx_word' id='word_1_185' title='bbox 794 2962 837 3027; x_wconf 87' lang='grc' dir='ltr'><strong><em>Α.</em></strong></span> <span class='ocrx_word' id='word_1_186' title='bbox 881 2957 1092 3048; x_wconf 88' lang='grc' dir='ltr'><strong><em>Ἀρίσταρχος</em></strong></span> <span class='ocrx_word' id='word_1_187' title='bbox 1116 2961 1172 3029; x_wconf 77' lang='grc' dir='ltr'><strong><em>καί</em></strong></span> 
     </span>
     <span class='ocr_line' id='line_1_26' title="bbox 45 3051 797 3148; baseline -0.001 -21"><span class='ocrx_word' id='word_1_188' title='bbox 45 3060 301 3148; x_wconf 77' lang='grc' dir='ltr'><strong><em>1Ἀριστοφάνης</em></strong></span> <span class='ocrx_word' id='word_1_189' title='bbox 322 3051 374 3140; x_wconf 68' lang='lat' dir='ltr'><strong><em>to</em></strong></span> <span class='ocrx_word' id='word_1_190' title='bbox 396 3062 460 3126; x_wconf 81' lang='grc' dir='ltr'><strong><em>έπί</em></strong></span> <span class='ocrx_word' id='word_1_191' title='bbox 480 3066 588 3145; x_wconf 81' lang='grc' dir='ltr'><strong><em>νῆας</em></strong></span> <span class='ocrx_word' id='word_1_192' title='bbox 600 3067 702 3145; x_wconf 82' lang='grc' dir='ltr'><strong><em>ίμευ.</em></strong></span> <span class='ocrx_word' id='word_1_193' title='bbox 724 3063 797 3126; x_wconf 91' lang='lat' dir='ltr'><strong><em>AV.</em></strong></span> 
     </span>
    </p>

    <p class='ocr_par' dir='ltr' id='par_1_10' title="bbox 63 3157 1172 3352">
     <span class='ocr_line' id='line_1_27' title="bbox 152 3157 1172 3248; baseline -0.001 -20"><span class='ocrx_word' id='word_1_194' title='bbox 152 3169 203 3229; x_wconf 90' lang='grc'><strong><em>34.</em></strong></span> <span class='ocrx_word' id='word_1_195' title='bbox 247 3159 517 3247; x_wconf 79' lang='grc' dir='ltr'><strong><em>άποτμήξειε·</em></strong></span> <span class='ocrx_word' id='word_1_196' title='bbox 565 3157 673 3240; x_wconf 78' lang='grc' dir='ltr'><strong><em>οὕτως</em></strong></span> <span class='ocrx_word' id='word_1_197' title='bbox 712 3159 911 3246; x_wconf 85' lang='grc' dir='ltr'><strong><em>Ζηνόδοτος.</em></strong></span> <span class='ocrx_word' id='word_1_198' title='bbox 962 3158 1172 3248; x_wconf 85' lang='grc' dir='ltr'><strong><em>Ἀρίσταρχος</em></strong></span> 
     </span>
     <span class='ocr_line' id='line_1_28' title="bbox 63 3258 1081 3352; baseline -0.002 -22"><span class='ocrx_word' id='word_1_199' title='bbox 63 3261 308 3348; x_wconf 80' lang='grc' dir='ltr'><strong><em>ἀπαμήσειε.</em></strong></span> <span class='ocrx_word' id='word_1_200' title='bbox 329 3265 371 3329; x_wconf 94' lang='lat' dir='ltr'><strong><em>A.</em></strong></span> <span class='ocrx_word' id='word_1_201' title='bbox 395 3266 450 3352; x_wconf 86' lang='lat' dir='ltr'><strong><em>(V.</em></strong></span> <span class='ocrx_word' id='word_1_202' title='bbox 473 3258 675 3347; x_wconf 80' lang='grc' dir='ltr'><strong><em>άποτμήσειε</em></strong></span> <span class='ocrx_word' id='word_1_203' title='bbox 696 3263 887 3328; x_wconf 80' lang='lat' dir='ltr'><strong>Aristarcho</strong></span> <span class='ocrx_word' id='word_1_204' title='bbox 909 3263 1081 3349; x_wconf 78' lang='lat' dir='ltr'><strong>vindieat.)</strong></span> 
     </span>
    </p>

    <p class='ocr_par' dir='ltr' id='par_1_11' title="bbox 65 3359 1175 3950">
     <span class='ocr_line' id='line_1_29' title="bbox 147 3359 1173 3450; baseline -0.002 -20"><span class='ocrx_word' id='word_1_205' title='bbox 147 3371 197 3430; x_wconf 82' lang='lat'><strong><em>39.</em></strong></span> <span class='ocrx_word' id='word_1_206' title='bbox 221 3361 238 3432; x_wconf 89' lang='lat'><strong>6</strong></span> <span class='ocrx_word' id='word_1_207' title='bbox 258 3370 326 3430; x_wconf 85' lang='grc' dir='ltr'><strong><em>των</em></strong></span> <span class='ocrx_word' id='word_1_208' title='bbox 341 3367 525 3448; x_wconf 84' lang='grc' dir='ltr'><strong><em>Νηρηίδων</em></strong></span> <span class='ocrx_word' id='word_1_209' title='bbox 547 3361 646 3448; x_wconf 85' lang='grc' dir='ltr'><strong><em>χορός</em></strong></span> <span class='ocrx_word' id='word_1_210' title='bbox 668 3365 892 3450; x_wconf 85' lang='grc' dir='ltr'><strong><em>προηθέτηται</em></strong></span> <span class='ocrx_word' id='word_1_211' title='bbox 914 3365 969 3428; x_wconf 79' lang='grc' dir='ltr'><strong><em>καὶ</em></strong></span> <span class='ocrx_word' id='word_1_212' title='bbox 994 3359 1083 3448; x_wconf 81' lang='grc' dir='ltr'><strong><em>παρὰ</em></strong></span> <span class='ocrx_word' id='word_1_213' title='bbox 1104 3369 1173 3448; x_wconf 90' lang='grc' dir='ltr'><strong><em>Ζη-</em></strong></span> 
     </span>
     <span class='ocr_line' id='line_1_30' title="bbox 65 3455 1172 3554; baseline -0.005 -21"><span class='ocrx_word' id='word_1_214' title='bbox 65 3465 194 3554; x_wconf 83' lang='grc' dir='ltr'><strong><em>νοδότφ</em></strong></span> <span class='ocrx_word' id='word_1_215' title='bbox 217 3461 263 3543; x_wconf 78' lang='grc' dir='ltr'><strong><em>ὡς</em></strong></span> <span class='ocrx_word' id='word_1_216' title='bbox 277 3462 467 3530; x_wconf 84' lang='grc' dir='ltr'><strong><em>Ἡσιόδειον</em></strong></span> <span class='ocrx_word' id='word_1_217' title='bbox 489 3467 574 3548; x_wconf 79' lang='grc' dir='ltr'><strong><em>ἔχων</em></strong></span> <span class='ocrx_word' id='word_1_218' title='bbox 595 3469 796 3549; x_wconf 80' lang='grc' dir='ltr'><strong><em>χαρακτῆρα.</em></strong></span> <span class='ocrx_word' id='word_1_219' title='bbox 835 3455 981 3548; x_wconf 82' lang='grc' dir='ltr'><strong><em>Ὅμηρος</em></strong></span> <span class='ocrx_word' id='word_1_220' title='bbox 1003 3459 1067 3546; x_wconf 83' lang='grc' dir='ltr'><strong><em>γάρ</em></strong></span> <span class='ocrx_word' id='word_1_221' title='bbox 1088 3459 1172 3530; x_wconf 74' lang='grc' dir='ltr'><strong><em>κατά</em></strong></span> 
     </span>
     <span class='ocr_line' id='line_1_31' title="bbox 65 3559 1170 3648; baseline -0.006 -15"><span class='ocrx_word' id='word_1_222' title='bbox 65 3565 102 3640; x_wconf 78' lang='grc' dir='ltr'><strong><em>τό</em></strong></span> <span class='ocrx_word' id='word_1_223' title='bbox 126 3565 246 3634; x_wconf 79' lang='grc' dir='ltr'><strong><em>κοινόν</em></strong></span> <span class='ocrx_word' id='word_1_224' title='bbox 262 3563 406 3643; x_wconf 83' lang='grc' dir='ltr'><strong><em>Μούσας</em></strong></span> <span class='ocrx_word' id='word_1_225' title='bbox 427 3566 515 3647; x_wconf 86' lang='grc' dir='ltr'><strong><em>λέγει</em></strong></span> <span class='ocrx_word' id='word_1_226' title='bbox 532 3565 588 3630; x_wconf 79' lang='grc' dir='ltr'><strong><em>καί</em></strong></span> <span class='ocrx_word' id='word_1_227' title='bbox 603 3568 809 3648; x_wconf 74' lang='grc' dir='ltr'><strong><em>Εἰλειθυίας,</em></strong></span> <span class='ocrx_word' id='word_1_228' title='bbox 830 3560 904 3630; x_wconf 78' lang='grc' dir='ltr'><strong><em>ἀλλ’</em></strong></span> <span class='ocrx_word' id='word_1_229' title='bbox 927 3561 991 3629; x_wconf 85' lang='grc' dir='ltr'><strong><em>οόιι</em></strong></span> <span class='ocrx_word' id='word_1_230' title='bbox 1013 3559 1170 3646; x_wconf 85' lang='grc' dir='ltr'><strong><em>ὀνόματα.</em></strong></span> 
     </span>
     <span class='ocr_line' id='line_1_32' title="bbox 66 3657 1172 3753; baseline -0.006 -20"><span class='ocrx_word' id='word_1_231' title='bbox 66 3667 201 3753; x_wconf 82' lang='grc' dir='ltr'><strong><em>γελοῖόν</em></strong></span> <span class='ocrx_word' id='word_1_232' title='bbox 223 3689 257 3732; x_wconf 88' lang='grc' dir='ltr'><strong><em>τε</em></strong></span> <span class='ocrx_word' id='word_1_233' title='bbox 280 3665 313 3744; x_wconf 83' lang='grc' dir='ltr'><strong><em>ἐξ</em></strong></span> <span class='ocrx_word' id='word_1_234' title='bbox 334 3660 499 3749; x_wconf 85' lang='grc' dir='ltr'><strong><em>ὀνόματος</em></strong></span> <span class='ocrx_word' id='word_1_235' title='bbox 528 3667 741 3750; x_wconf 77' lang='grc' dir='ltr'><strong><em>προθέμενον</em></strong></span> <span class='ocrx_word' id='word_1_236' title='bbox 773 3668 878 3730; x_wconf 79' lang='grc' dir='ltr'><strong><em>εἰπεῖν</em></strong></span> <span class='ocrx_word' id='word_1_237' title='bbox 904 3661 1025 3746; x_wconf 89' lang='grc' dir='ltr'><strong><em>πάσας,</em></strong></span> <span class='ocrx_word' id='word_1_238' title='bbox 1048 3657 1172 3744; x_wconf 73' lang='grc' dir='ltr'><strong><em>Ιὥσπερ</em></strong></span> 
     </span>
     <span class='ocr_line' id='line_1_33' title="bbox 66 3764 1173 3852; baseline -0.008 -21"><span class='ocrx_word' id='word_1_239' title='bbox 66 3765 283 3852; x_wconf 82' lang='grc' dir='ltr'><strong><em>ἆποιιαμόντα</em></strong></span> <span class='ocrx_word' id='word_1_240' title='bbox 305 3769 410 3830; x_wconf 78' lang='grc' dir='ltr'><strong><em>εἰπεῖν</em></strong></span> <span class='ocrx_word' id='word_1_241' title='bbox 434 3767 625 3849; x_wconf 80' lang='grc' dir='ltr'><strong><em>(ἐπαγαγεῖν</em></strong></span> <span class='ocrx_word' id='word_1_242' title='bbox 644 3768 759 3832; x_wconf 85' lang='lat' dir='ltr'><strong>Lehrs.</strong></span> <span class='ocrx_word' id='word_1_243' title='bbox 782 3788 834 3852; x_wconf 89' lang='lat' dir='ltr'><strong><em>ap.</em></strong></span> <span class='ocrx_word' id='word_1_244' title='bbox 850 3765 974 3830; x_wconf 80' lang='lat' dir='ltr'><strong>Friedi.</strong></span> <span class='ocrx_word' id='word_1_245' title='bbox 995 3786 1028 3849; x_wconf 89' lang='lat' dir='ltr'><strong><em>p.</em></strong></span> <span class='ocrx_word' id='word_1_246' title='bbox 1050 3765 1122 3826; x_wconf 75' lang='lat'><strong>281.</strong></span> <span class='ocrx_word' id='word_1_247' title='bbox 1141 3764 1173 3842; x_wconf 83' lang='lat'><strong><em>2)</em></strong></span> 
     </span>
     <span class='ocr_line' id='line_1_34' title="bbox 68 3854 1175 3950; baseline -0.007 -18"><span class='ocrx_word' id='word_1_248' title='bbox 68 3863 179 3932; x_wconf 69' lang='lat' dir='ltr'><strong>‘iiiios</strong></span> <span class='ocrx_word' id='word_1_249' title='bbox 201 3861 234 3931; x_wconf 89' lang='grc' dir='ltr'><strong><em>δ’</em></strong></span> <span class='ocrx_word' id='word_1_250' title='bbox 259 3869 295 3932; x_wconf 85' lang='grc' dir='ltr'><strong><em>αί</em></strong></span> <span class='ocrx_word' id='word_1_251' title='bbox 310 3862 393 3930; x_wconf 83' lang='grc' dir='ltr'><strong><em>κατά</em></strong></span> <span class='ocrx_word' id='word_1_252' title='bbox 416 3866 539 3950; x_wconf 83' lang='grc' dir='ltr'><strong><em>βένθος</em></strong></span> <span class='ocrx_word' id='word_1_253' title='bbox 556 3862 637 3943; x_wconf 80' lang='grc' dir='ltr'><strong><em>ἁλός</em></strong></span> <span class='ocrx_word' id='word_1_254' title='bbox 662 3868 831 3950; x_wconf 82' lang='grc' dir='ltr'><strong><em>Νηρηίδες</em></strong></span> <span class='ocrx_word' id='word_1_255' title='bbox 853 3854 963 3947; x_wconf 80' lang='grc' dir='ltr'><strong><em>ἦσαν’.</em></strong></span> <span class='ocrx_word' id='word_1_256' title='bbox 983 3856 1001 3927; x_wconf 88' lang='lat'><strong>6</strong></span> <span class='ocrx_word' id='word_1_257' title='bbox 1023 3861 1061 3926; x_wconf 76' lang='grc' dir='ltr'><strong><em>δὲ</em></strong></span> <span class='ocrx_word' id='word_1_258' title='bbox 1082 3865 1175 3925; x_wconf 88' lang='grc' dir='ltr'><strong><em>Καλ-</em></strong></span> 
     </span>
    </p>

    <p class='ocr_par' dir='ltr' id='par_1_12' title="bbox 46 3959 1173 4252">
     <span class='ocr_line' id='line_1_35' title="bbox 46 3959 1173 4051; baseline -0.008 -20"><span class='ocrx_word' id='word_1_259' title='bbox 46 4019 47 4024; x_wconf 53' lang='grc'><strong><em>,</em></strong></span> <span class='ocrx_word' id='word_1_260' title='bbox 68 3970 241 4050; x_wconf 86' lang='grc' dir='ltr'><strong><em>λίστρατος</em></strong></span> <span class='ocrx_word' id='word_1_261' title='bbox 258 3959 339 4030; x_wconf 72' lang='grc' dir='ltr'><strong><em>οὐδὲ</em></strong></span> <span class='ocrx_word' id='word_1_262' title='bbox 357 3965 393 4032; x_wconf 81' lang='grc' dir='ltr'><strong><em>ἐν</em></strong></span> <span class='ocrx_word' id='word_1_263' title='bbox 414 3970 455 4051; x_wconf 77' lang='grc' dir='ltr'><strong><em>τῇ</em></strong></span> <span class='ocrx_word' id='word_1_264' title='bbox 471 3961 647 4051; x_wconf 81' lang='grc' dir='ltr'><strong><em>Ἀργολικῇ</em></strong></span> <span class='ocrx_word' id='word_1_265' title='bbox 669 3965 774 4050; x_wconf 78' lang='grc' dir='ltr'><strong><em>φησὶν</em></strong></span> <span class='ocrx_word' id='word_1_266' title='bbox 795 3959 921 4040; x_wconf 70' lang='grc' dir='ltr'><strong><em>αὐτοὺς</em></strong></span> <span class='ocrx_word' id='word_1_267' title='bbox 940 3961 1113 4046; x_wconf 81' lang='grc' dir='ltr'><strong><em>φέρεσθαι.</em></strong></span> <span class='ocrx_word' id='word_1_268' title='bbox 1131 3959 1173 4023; x_wconf 92' lang='lat' dir='ltr'><strong><em>A.</em></strong></span> 
     </span>
     <span class='ocr_line' id='line_1_36' title="bbox 67 4059 1175 4152; baseline -0.01 -21"><span class='ocrx_word' id='word_1_269' title='bbox 67 4067 276 4131; x_wconf 85' lang='lat' dir='ltr'><strong>Friedlaend.</strong></span> <span class='ocrx_word' id='word_1_270' title='bbox 305 4067 326 4130; x_wconf 95' lang='lat' dir='ltr'><strong><em>l.</em></strong></span> <span class='ocrx_word' id='word_1_271' title='bbox 357 4068 378 4131; x_wconf 92' lang='lat'><strong><em>1.</em></strong></span> <span class='ocrx_word' id='word_1_272' title='bbox 407 4068 502 4132; x_wconf 90' lang='lat' dir='ltr'><strong>huius</strong></span> <span class='ocrx_word' id='word_1_273' title='bbox 530 4067 645 4131; x_wconf 82' lang='lat' dir='ltr'><strong>scholii</strong></span> <span class='ocrx_word' id='word_1_274' title='bbox 668 4074 794 4152; x_wconf 83' lang='lat' dir='ltr'><strong>partem</strong></span> <span class='ocrx_word' id='word_1_275' title='bbox 816 4066 957 4150; x_wconf 82' lang='lat' dir='ltr'><strong>priorem</strong></span> <span class='ocrx_word' id='word_1_276' title='bbox 978 4059 1175 4139; x_wconf 77' lang='lat' dir='ltr'><strong>Aristonico,</strong></span> 
     </span>
     <span class='ocr_line' id='line_1_37' title="bbox 68 4166 627 4252; baseline -0.004 -21"><span class='ocrx_word' id='word_1_277' title='bbox 68 4169 283 4252; x_wconf 82' lang='lat' dir='ltr'><strong>posteriorem</strong></span> <span class='ocrx_word' id='word_1_278' title='bbox 303 4166 449 4252; x_wconf 84' lang='lat' dir='ltr'><strong>Didymo</strong></span> <span class='ocrx_word' id='word_1_279' title='bbox 471 4167 627 4230; x_wconf 83' lang='lat' dir='ltr'><strong>vindieat.</strong></span> 
     </span>
    </p>
   </div>
   <div class='ocr_carea' id='block_1_9' title="bbox 152 4195 1174 4419">
    <p class='ocr_par' dir='ltr' id='par_1_13' title="bbox 152 4195 1174 4419">
     <span class='ocr_line' id='line_1_38' title="bbox 152 4195 1174 4419; baseline -0.012 -88"><span class='ocrx_word' id='word_1_280' title='bbox 152 4271 204 4331; x_wconf 89' lang='grc'><strong><em>46.</em></strong></span> <span class='ocrx_word' id='word_1_281' title='bbox 224 4261 435 4352; x_wconf 88' lang='grc' dir='ltr'><strong><em>Ἀρίσταρχος</em></strong></span> <span class='ocrx_word' id='word_1_282' title='bbox 452 4265 552 4350; x_wconf 80' lang='grc' dir='ltr'><strong><em>χωρὶς</em></strong></span> <span class='ocrx_word' id='word_1_283' title='bbox 569 4269 630 4330; x_wconf 81' lang='grc' dir='ltr'><strong><em>τοῦ</em></strong></span> <span class='ocrx_word' id='word_1_284' title='bbox 648 4273 674 4330; x_wconf 87' lang='grc' dir='ltr'><strong><em>θ</em></strong></span> <span class='ocrx_word' id='word_1_285' title='bbox 684 4261 836 4347; x_wconf 70' lang='grc' dir='ltr'><strong><em>’Ἀλεια,</em></strong></span> <span class='ocrx_word' id='word_1_286' title='bbox 826 4255 1021 4419; x_wconf 50' lang='lat' dir='ltr'><strong><em>u’affffiv</em></strong></span> <span class='ocrx_word' id='word_1_287' title='bbox 1036 4195 1109 4322; x_wconf 76' lang='grc' dir='ltr'><strong><em>ἅλα.</em></strong></span> <span class='ocrx_word' id='word_1_288' title='bbox 1133 4256 1174 4338; x_wconf 89' lang='lat' dir='ltr'><strong><em>A.</em></strong></span> 
     </span>
    </p>
   </div>
   <div class='ocr_carea' id='block_1_10' title="bbox 0 0 1390 4890">
    <p class='ocr_par' dir='ltr' id='par_1_14' title="bbox 0 0 1390 4890">
     <span class='ocr_line' id='line_1_39' title="bbox 0 0 1390 4890; baseline 0 0"><span class='ocrx_word' id='word_1_289' title='bbox 0 0 1390 4890; x_wconf 95' lang='lat' dir='ltr'><strong><em> </em></strong></span> 
     </span>
    </p>
   </div>
  </div>
 </body>
</html>
