2752 4890
118 505 237 570 nomen
266 483 425 547 festinans
454 482 578 546 librarii
608 483 751 546 calamus
780 482 921 567 peperit,
954 480 1065 567 ibique
1095 504 1155 568 pro
1178 481 1244 547 καὶ·

119 582 211 660 Λάας
231 579 271 648 τὰ
292 589 350 667 τῆς
372 592 392 648 ἆ
415 585 514 650 autB
537 585 619 648 duce
641 582 695 648 καὶ
709 580 820 663 Λάτης
836 578 900 659 πρὸ
917 585 974 665 τῆς
993 584 1232 649 emendandum

119 709 192 753 esee
214 697 270 754 aut
289 683 385 752 ua1'1
406 691 464 771 τῆς
485 683 619 770 πραότης
640 686 724 750 vidit
743 684 785 750 G.
808 684 1010 752 Dindorfius.
1113 723 1116 762 3

661 862 691 922 5.

205 994 285 1059 Hes.
307 995 341 1059 ΙΙ
363 999 424 1060 378
448 991 649 1073 κύναρος·
672 987 785 1076 φυτόν
806 1015 838 1056 τι
861 990 916 1056 καί
937 987 1064 1074 μήποτε
1085 983 1106 1072 ἡ
1130 986 1233 1067 κυνός

120 1093 221 1180 βάτος
243 1092 299 1161 διά
320 1091 357 1161 τό
380 1097 484 1180 τραχύ
506 1095 560 1160 καὶ
582 1089 790 1172 ἀκανθῶδες.
821 1091 909 1160 κύνα
930 1090 995 1176 γάρ
1016 1093 1157 1174 ξυλίνην
1172 1087 1233 1175 τὴν

121 1194 225 1274 κυνός
240 1192 377 1281 βάτουό
395 1198 612 1281 Θεόφραστος
634 1199 728 1282 (num
745 1191 850 1279 βάτον
864 1195 1054 1278 θεοφραδία
1069 1216 1120 1268 τις
1136 1215 1179 1256 en
1196 1187 1232 1256 τό

121 1294 340 1382 θεόχρηστου,
352 1295 388 1365 τό
400 1298 686 1385 Πυθόχρηστονῖ)
701 1295 799 1381 λέγει.
815 1295 952 1382 Didymi
965 1294 1044 1358 haee
1057 1315 1131 1358 esse
1143 1295 1232 1358 evin-

121 1409 199 1482 cunt
217 1401 337 1466 Athen.
362 1401 397 1465 II
419 1425 450 1488 p.
465 1406 504 1466 70
519 1402 545 1466 O
572 1401 723 1468 Eustath.
742 1400 785 1464 ed
803 1398 924 1485 Odyes.
949 1397 1075 1478 91822,
1096 1397 1177 1460 18R
1192 1429 1233 1455 =

121 1506 193 1584 633,
211 1507 262 1568 43.
285 1503 337 1567 De
356 1503 438 1568 rubo
453 1505 570 1568 canino
590 1502 830 1589 (Hagebutten)
852 1501 912 1566 efr.
930 1498 1071 1565 Caseub.
1093 1499 1136 1563 ad
1155 1499 1231 1564 Ath.

121 1627 153 1690 p.
180 1609 238 1667 144
261 1604 412 1669 Bodaeus
442 1606 484 1670 ad
506 1605 669 1691 Theophr.
692 1627 724 1690 p.
749 1606 820 1668 271.
844 1604 900 1666 621
939 1600 1078 1665 Salmas.
1102 1623 1231 1666 exerce.

121 1728 153 1792 p.
185 1709 243 1768 159
270 1715 303 1769 et
327 1705 456 1771 hemon.
485 1707 552 1794 hyl.
576 1709 648 1794 iatr.
679 1729 707 1770 ο.
731 1709 782 1769 59.
827 1703 987 1784 Fuerunt,
1017 1701 1233 1788 ηαὶικίναρος

123 1805 318 1889 scriberent,
345 1817 377 1872 et
402 1809 444 1874 de
474 1834 486 1874 ι
510 1818 542 1874 et
563 1833 584 1873 υ
612 1809 719 1872 vicem
737 1804 942 1872 ‘mutantibus
970 1804 1038 1869 vid.
1062 1803 1233 1870 Tzsehirn.

122 1909 263 1995 Panyas.
287 1931 319 1994 p.
343 1913 372 1975 3.

663 2067 693 2128 6.

195 2200 345 2266 Eustath.
368 2223 400 2286 p.
417 2204 507 2282 1430,
520 2204 557 2264 61
584 2198 638 2264 καὶ
661 2192 841 2282 άργεμος
859 2195 961 2290 νόσος
982 2193 1153 2282 ὀμμάτων,
1171 2193 1232 2282 ἀφ’

123 2291 165 2366 ού
187 2297 344 2386 άρμεμα
366 2298 449 2367 κατὰ
465 2305 656 2384 Δίδυμου
678 2296 717 2365 τά
737 2301 790 2365 ἐπὶ
810 2294 1000 2384 ὀφθαλμῶν
1022 2301 1231 2384 λενκάματα,

101 2485 102 2488 ¹
123 2395 172 2468 ύν
189 2401 300 2487 μνήμη
324 2408 370 2491 τῷ
383 2402 538 2492 Αἰσχύλῳ
561 2403 599 2468 ἐν
617 2407 663 2491 τῷ
675 2427 697 2463 ·,
717 2443 759 2454 -
777 2402 931 2486 πρόσθεν
958 2398 1033 2468 ὅντ’
1051 2402 1232 2488 ἐπάργεμα.

123 2506 256 2572 ἐκείθεν
277 2505 331 2570 καὶ
349 2500 553 2590 άρμᾶντες
575 2511 721 2589 ταύροι
745 2501 834 2587 παρά
849 2504 1010 2594 Πινδάρῳ
1022 2508 1088 2593 (cf.
1106 2507 1233 2574 F1.L0-

122 2610 218 2675 beck.
247 2608 365 2674 Philol.
394 2609 496 2673 vl11
522 2633 554 2696 p.
578 2612 638 2674 205
663 2609 748 2696 sqq.)
772 2607 826 2672 καὶ
847 2602 1069 2691 άργαίν.ειν
1092 2605 1129 2674 τό
1154 2616 1233 2676 λευ-

122 2715 251 2776 καίνειν
270 2704 350 2792 παρ’
375 2705 543 2797 Εὐριπίδη
566 2712 603 2775 ἐν
624 2705 833 2794 Ἀλκμαίωνι.
859 2708 913 2776 καὶ
935 2714 1090 2795 ταῦρος
1111 2707 1235 2797 άργι-

123 2811 250 2896 μήτης
269 2807 517 2904 ἤμουν-λευκός
534 2811 617 2896 φασὶ
641 2811 786 2898 (1.φησὶ)
806 2807 897 2896 παρὰ
908 2816 1065 2901 Φρυνίχῳ
1084 2808 1235 2881 ὁδιακο-
1285 2819 1287 2826 ’

122 2918 219 2998 μίσας
246 2910 308 2997 τὴν
336 2908 517 2998 Εύριόπην.
563 2914 709 3002 Hesyeh.
741 2915 840 2980 1513
868 2908 1121 2999 Ἀργαίνειν·
1156 2924 1235 2990 λευ-

122 3020 259 3082 καίνεινι
276 3011 462 3100 Εὐριπίδης
470 3011 668 3101 Ἀλκμαίωνι
683 3014 737 3083 διά
754 3020 915 3102 Ψωφῖδος
936 3019 1040 3106 (vulg.
1058 3023 1232 3109 φηφίδος).

122 3108 477 3201 Ι-515Ἆργίμων·
511 3124 580 3186 των
609 3121 647 3185 ἐν
676 3131 747 3196 τοῖς
775 3114 965 3204 ὀφθαλμοῖς
996 3121 1233 3206 λευκωμάτων.

122 3222 157 3285 οί
175 3217 212 3284 δὲ
232 3213 434 3304 ὀφθαλμοῖν,
455 3222 554 3309 (melo
566 3218 679 3300 ἁπλῶς
691 3221 791 3305 όφθ.)
813 3228 994 3310 Σοφοκλῆς
1008 3224 1061 3290 ἐπὶ
1078 3225 1234 3315 Ταινάρῳ

121 3325 299 3410 σατυρικῷ.
355 3323 372 3386 I
407 3327 468 3389 517
500 3318 746 3408 Ἀργιμήτας
782 3330 950 3408 ταῦρος·
994 3325 1177 3410 ταχύμητις
1216 3325 1235 3413 ἢ

121 3421 257 3506 λευκός,
281 3423 498 3508 παραγώγως.
530 3426 659 3510 λέγεται
682 3425 719 3492 δὲ
740 3424 794 3492 ἐπὶ
815 3430 877 3492 τοῦ
898 3429 1157 3512 διακομίσαντας
1175 3430 1236 3517 τὴν

122 3520 303 3609 Εύρύπην.
335 3528 376 3591 Ἰ
410 3532 490 3593 1314
522 3523 772 3612 Ἐπάργεμα·
815 3523 946 3613 ὄμματα
983 3535 1234 3617 τετυφλωμίνα.
1273 3615 1274 3620 ¹

118 3621 380 3710 Έπάργεμος·
407 3624 703 3715 ἀποκεκρυμμένος
727 3624 747 3714 ἢ
770 3630 869 3708 νόσος
891 3626 1091 3716 ὀφθαλμοῖν.
1113 3629 1238 3718 Ἐπάρ-

120 3752 203 3811 ηεμα
224 3724 288 3813 γάρ
307 3730 436 3814 λέγεται
457 3731 497 3798 τά
517 3728 659 3818 ὄμματα,
679 3728 761 3798 όταν
775 3724 797 3820 ᾗ
810 3735 1049 3819 τιτυφλωμίνα
1068 3731 1135 3802 ύπό
1155 3745 1235 3804 λευ-

120 3826 300 3915 κωμάτων·
344 3833 400 3899 καὶ
434 3834 543 3902 πάντα
577 3837 612 3901 δὲ
640 3832 680 3901 τά
709 3832 821 3919 τυφλά
846 3837 900 3901 καὶ
931 3831 1104 3920 άφοίτιστα
1126 3834 1236 3918 οὕτως

121 3933 284 4101 λέγονταη.
311 3935 370 4102 ξύ.
395 3938 544 4005 Ευοικθτ.
567 3940 607 4004 Il.
629 3941 702 4021 427,
725 3941 765 4004 48
789 3948 831 4004 et.
856 3963 898 4004 m.
927 3944 995 4024 135,
1019 3945 1059 4007 36
1084 3942 1235 4009 Erotian.

118 4060 151 4124 p.
176 4041 217 4103 66
236 4059 254 4102 e
280 4086 287 4101 .
341 4061 386 4104 rz.
