2858 4882
457 538 753 625 Bacchylidem
778 541 879 605 Ceum

454 642 711 727 Melanippidem
733 644 750 706 1
772 642 907 706 Melium

453 742 709 828 Melanippidem
731 745 767 808 Il
790 742 934 807 Critonis
991 744 1144 830 λυρικόο,
1224 753 1225 758 ’

453 846 670 910 Philoxenum
695 845 886 932 Cytherium
992 846 1144 930 λυρικόν.

453 945 686 1032 Antigenidem
709 946 901 1011 Thebanum
991 945 1159 1034 μουσικὸν
1186 947 1243 1013 καὶ
1267 944 1331 1013 αύ-

1034 1048 1155 1137 tendo.

454 1149 660 1214 Timotheum
679 1149 844 1216 Milesium
991 1149 1142 1236 λυρικόν.

455 1253 609 1318 Sotadam
626 1251 826 1315 lllaronitam
930 1269 931 1274 ’
991 1250 1238 1338 ἰαμβογράφον.

305 1356 488 1444 Supersunt
515 1355 648 1418 Theano
675 1353 789 1418 Locris
815 1354 877 1442 (X)
908 1363 940 1419 et
972 1356 1079 1420 Eueni
1116 1354 1214 1442 (XI),
1250 1377 1331 1440 quos

219 1462 356 1525 omissos
392 1457 434 1521 ab
469 1457 617 1520 Eudocia
647 1477 724 1518 num
756 1455 875 1520 Suidas
907 1457 1075 1544 Hesychio
1110 1455 1229 1520 debeat
1265 1455 1332 1541 (XI

219 1586 262 1625 ex
295 1559 555 1644 Harpocratione
584 1555 757 1640 delibavit)
791 1557 915 1623 dubito.
962 1559 999 1623 O.
1023 1557 1143 1622 XXIV
1172 1557 1213 1621 de
1240 1557 1334 1642 Myia

218 1661 318 1725 habet
339 1659 488 1723 Eudocia
508 1683 541 1744 p.
562 1662 639 1739 357,
663 1658 721 1721 sed
742 1679 781 1721 ee
800 1679 863 1743 quo
885 1668 1030 1745 tempore
1053 1660 1175 1723 vixerit
1204 1659 1331 1742 ignore.

218 1761 474 1843 Desiderantur‚
497 1761 585 1848 quod
603 1760 748 1841 mireris,
771 1757 916 1823 Collinus
941 1768 973 1824 et
993 1759 1223 1825 Archilochus.

306 1861 420 1948 Itaque
449 1861 511 1925 hoe
536 1870 706 1947 poetarum
735 1861 824 1924 vitoe
851 1883 928 1924 num
956 1884 976 1925 a
996 1862 1141 1948 Didymo
1162 1861 1332 1948 profectae

222 1965 287 2027 sint
314 1985 432 2044 necne,
460 1964 579 2026 certius
602 1963 680 2025 sciri
703 1969 828 2049 posset,
857 1962 921 2026 nisi
943 1963 1016 2049 ipsa
1035 1962 1238 2046 Theognidis
1263 1964 1333 2026 vita

221 2065 308 2153 apud
330 2064 464 2128 Suidam
490 2065 631 2149 pessime
651 2061 764 2126 habita
789 2071 884 2126 esset.
931 2063 1020 2142 Quid
1041 2063 1128 2149 quod
1149 2063 1332 2148 lexicogra-

219 2166 303 2253 phus
325 2164 441 2229 falsam
460 2165 669 2229 traditionem
691 2172 820 2228 secutus
843 2163 1233 2250 Megarensem'appellot
1257 2186 1332 2249 poe-

219 2278 287 2331 tam
309 2269 377 2330 coir
400 2265 437 2329 ἐν
459 2270 598 2352 Σικελίᾳ
618 2261 814 2346 Μεγάροιολ
834 2265 869 2329 id
891 2266 978 2350 quod
999 2272 1110 2350 aperte
1125 2264 1265 2350 Didymi
1287 2275 1332 2330 te·

221 2370 372 2433 stimonio
394 2391 446 2454 ap.
471 2367 572 2432 schol.
593 2367 741 2430 Platonis
764 2366 869 2452 Legg.
893 2368 910 2430 I
932 2370 994 2432 630
1015 2367 1047 2429 A
1069 2374 1241 2452 repugnat.
1268 2366 1333 2430 Sed

222 2471 362 2534 fortasse
384 2470 502 2534 lacuna
523 2469 672 2533 foedatus
696 2477 744 2531 est
766 2469 820 2532 hic
838 2469 927 2533 locus
947 2490 985 2532 ea
1007 2477 1076 2532 arte
1098 2469 1275 2550 sanandus,
1298 2476 1333 2531 ut

222 2582 353 2637 auctore
384 2571 644 2658 Harpocraticne
670 2595 702 2657 p.
726 2574 782 2654 95,
804 2576 823 2633 4
846 2569 954 2633 Bekk.
978 2577 1051 2654 post
1071 2567 1255 2651 Μεγαρεύς
1277 2570 1332 2634 ad-

221 2675 302 2737 icias
335 2674 438 2738 verba
469 2665 534 2736 άττό
571 2674 640 2734 τῶν
669 2669 752 2754 πρὸς
778 2677 818 2758 τῇ
835 2666 964 2755 Ἀττικῇ
986 2667 1173 2753 Μεγάρων,
1197 2673 1333 2752 πολίτης

223 2774 259 2839 δὲ
282 2780 349 2839 τῶν
371 2775 409 2839 ἐν
430 2776 569 2859 Σικελίᾳ
583 2770 766 2859 Μεγάρων,
790 2797 872 2862 quae
895 2772 1048 2836 librarius
1072 2770 1334 2836 homoeoteleuto

223 2878 378 2962 deceptus
404 2875 501 2940 facile
533 2876 681 2939 omittere
709 2886 846 2963 poterat.
892 2875 965 2938 Hoc
995 2883 1122 2938 constat
1145 2871 1282 2937 Suidam
1307 2895 1333 2937 s.

222 3003 254 3043 v.
279 2979 419 3060 Θέογνις
445 2976 610 3041 turbatum
629 3000 710 3042 esse.
745 2977 893 3042 Eudocia
916 2975 968 3041 vel
989 2975 1114 3040 duobus
1134 2975 1215 3038 locis
1229 2973 1334 3038 Theo-

221 3078 330 3162 gnidis
355 3078 502 3141 meminit
530 3101 562 3163 p.
589 3080 649 3140 227
673 3088 705 3143 et
731 3083 803 3143 232.
847 3077 987 3141 Accedit
1020 3076 1106 3162 quod
1131 3076 1217 3138 vitas
1248 3075 1335 3161 apud

222 3178 356 3242 Suidam
386 3186 551 3242 exstantes
575 3178 758 3264 perlegenti
785 3180 846 3245 hoo
875 3202 942 3243 non
968 3185 1075 3264 potest
1102 3199 1168 3241 non
1190 3176 1336 3239 animad-

222 3282 372 3345 versione
396 3279 531 3363 dignum
553 3302 641 3364 esse,
663 3283 749 3366 quod
766 3285 802 3346 in
817 3280 1037 3370 compluribus
1059 3287 1195 3372 septem!
1208 3279 1335 3362 sapien-

220 3391 290 3446 tum
312 3382 432 3445 mentio
450 3381 598 3462 inicitur,
625 3383 712 3468 quod
734 3391 890 3470 quantum
906 3384 940 3446 in
959 3389 1106 3445 nostram
1124 3401 1193 3442 rem
1215 3377 1337 3442 habeat

222 3483 375 3571 ponderis
398 3483 492 3546 docet
515 3491 686 3547 comment.
709 3484 789 3549 1V3
809 3510 841 3574 p.
856 3487 918 3549 372
941 3492 973 3547 et
991 3507 1022 3570 p.
1039 3484 1111 3546 384.
1157 3480 1212 3544 Sic
1236 3478 1334 3565 Tyr·

222 3594 342 3648 teeus
364 3585 484 3649 dicitur
496 3579 682 3665 σάγχροοος
704 3595 772 3663 τοῖς
795 3590 810 3664 ζ
831 3591 984 3669 κληθεῑσι
1008 3595 1126 3666 σοφοῖς
1147 3575 1168 3665 ἢ
1192 3581 1248 3646 καὶ
1271 3606 1336 3646 πα-

223 3685 409 3769 λαιότερος,
438 3685 701 3750 Mimnermus
729 3688 853 3752 vixisse
880 3688 984 3752 fertur
1013 3675 1067 3749 ἐπὶ
1088 3687 1146 3767 τῆς
1168 3686 1204 3760 λζ
1227 3677 1335 3767 ὀλυμ-

224 3785 359 3870 πιάδος,
382 3783 427 3863 dg
446 3782 664 3868 προτερεύειο
687 3791 754 3850 τῶν
784 3791 955 3872 geopon,
989 3786 1148 3873 Sappho
1172 3795 1335 3867 γεγονυῖα

222 3887 305 3954 κατά
328 3884 389 3970 τὴν
409 3891 455 3971 μβ
477 3882 679 3969 ὀλυμπιάδα,
703 3883 758 3951 ὅτε
781 3889 836 3952 κοιλ
855 3884 1004 3964 Ἀλκαῖος
1026 3878 1068 3972 ἦν
1092 3886 1147 3952 καὶ
1169 3880 1337 3970 Στησίχο-

224 4014 282 4074 ρος
305 3988 360 4052 καὶ
373 3987 597 4072 Πιττακός,
620 3989 716 4054 Lasi
735 4012 813 4055 vero
827 3989 1075 4056 Hermionensis
1098 4012 1161 4076 quo
1184 3990 1257 4054 loco
1272 4012 1337 4054 me-

223 4089 455 4173 miniusddit
500 4085 587 4166 τινὲς
624 4095 746 4155 τοῦτον
786 4096 1037 4175 συνάριθμούσι
1069 4103 1138 4168 τοῖς
1171 4093 1187 4167 ζ
1217 4101 1337 4173 σοφοῖς

223 4185 297 4254 άντὶ
320 4186 544 4276 Περιάνδρου.
581 4192 621 4255 ln
639 4193 720 4276 ipsis
745 4193 927 4278 sapientum
952 4193 1029 4255 vitis
1053 4193 1198 4255 animum
1217 4192 1336 4256 'adver-

223 4299 295 4354 tunt
323 4314 406 4379 quae
435 4316 461 4357 s.
487 4317 520 4359 v.
550 4288 715 4368 Πιττακός
745 4300 874 4356 exstent
907 4284 954 4370 εἷς
980 4295 1045 4358 καί
1074 4286 1195 4373 αὐτὸς
1224 4296 1294 4358 τῶν
1322 4294 1338 4369 ζ
