2858 4882
1131 350 1194 411 405

77 512 269 596 συμβολικῇ
281 507 404 594 φράσει
426 511 553 595 δεξιῶς,
574 510 678 595 φησίν
696 504 714 576 ὁ
733 511 965 598 ,γραμματικὸς
986 517 1193 600 Δίδυμος,

79 613 134 678 καὶ
155 606 192 676 τὸ
213 615 376 696 γνωρίσαι
395 608 432 678 τὸ
456 605 660 696 διὰταύτης
682 613 903 699 δηλούμενον.
946 615 998 682 Of.
1020 639 1052 702 p.
1077 620 1149 682 379.

612 804 660 865 14.

165 919 204 982 In
230 918 380 1004 scriptor.
407 938 516 1002 gnom.
539 918 616 983 edit.
639 918 781 984 Froben.
807 922 884 984 1521
914 919 1016 984 Basil.
1039 920 1125 984 inter
1146 922 1194 984 vi-

80 1043 188 1086 rorum
218 1020 395 1084 illustrium
424 1020 602 1096 sententias
631 1021 784 1105 leguntur
813 1044 845 1107 p.
876 1023 936 1085 172
970 1021 1067 1085 etiam
1095 1021 1192 1087 haec:

79 1117 291 1204 Διδύμου·
315 1122 507 1204 Δίδυμος
528 1114 565 1185 τὸ
589 1119 712 1186 είδέναι
736 1115 821 1205 τινα,
842 1116 894 1187 ὅτι
917 1116 1048 1206 ἀγνοεῖ,
1073 1124 1193 1207 σοφίας

81 1222 187 1305 ἐστίν,
212 1217 322 1306 εἶπεν,
342 1215 387 1300 ὡς
409 1220 464 1287 καὶ
484 1217 521 1287 τδ
545 1219 685 1304 εἰδέναι,
713 1215 764 1286 ὅτι
784 1217 936 1308 ἠδίκησε,
964 1219 1191 1306 δικαιοσύνης.

624 1412 661 1472 15

166 1527 255 1593 Stob.
269 1527 372 1591 Scrm.
395 1525 456 1612 Ip.
473 1529 501 1609 5,
515 1531 555 1590 45
579 1527 630 1592 ed.
644 1527 758 1592 Aurcl.
779 1525 907 1591 Allobr.
933 1530 1014 1592 1609
1032 1525 1089 1592 sol.
1112 1543 1193 1610 σχη-

79 1633 215 1714 ματίζου
236 1622 298 1711 τὴν
320 1622 462 1711 ἀρετήν,
482 1619 544 1710 οὐχ
567 1622 658 1705 ὅπως
678 1621 867 1713 ἆταιήσῃς,
890 1623 964 1695 ἀλλ’
986 1622 1078 1706 ὅπως
1100 1622 1192 1712 ὠφε-

80 1729 192 1818 λήσῃς.

166 1833 346 1896 Βασιλείαν
366 1832 454 1894 θεοῦ
474 1830 610 1894 λεκτέον
629 1823 691 1914 τὴν
708 1826 911 1894 κατάστασιν
928 1834 996 1895 των
1011 1830 1095 1896 κατὰ
1113 1826 1193 1910 τοὺς

80 1937 198 2010 θείους
219 1931 347 2014 νόμους
367 1927 547 2016 βιούντων.
760 2007 762 2010 ¹

165 2037 263 2098 Πᾶσα
291 2031 454 2115 πρακτικὴ
484 2025 584 2114 ἀρετὴ
615 2031 651 2096 ἐν
673 2035 719 2118 τῷ
745 2019 900 2116 γίνεσθαι
924 2029 978 2096 καὶ
1001 2025 1065 2096 οὐκ
1087 2035 1125 2097 ἐν
1146 2038 1193 2121 τῷ

80 2134 255 2220 γεγονέναι
276 2128 313 2200 τό
338 2128 423 2197 εἶναι
445 2133 521 2214 ἔχει.
1092 2135 1094 2142 ’

164 2236 210 2300 ib.
233 2234 281 2298 VI
308 2258 340 2321 p.
364 2237 398 2296 11
408 2282 417 2316 ‚
439 2235 478 2295 25
512 2227 550 2296 rol
578 2229 640 2314 μὲν
669 2227 813 2300 ἀκούσια
842 2227 1059 2316 ἁμαρτήματα
1087 2233 1142 2297 καὶ
1173 2227 1190 2296 ὁ

81 2335 185 2421 νόμος
208 2346 376 2420 συγχωρεῖ
391 2334 447 2399 καὶ
467 2329 548 2411 θεὸς
567 2336 699 2420 παρορᾷ
720 2330 966 2417 φιλάνθρωπος
989 2325 1037 2398 clv
1057 2333 1113 2399 καὶ
1129 2329 1191 2398 οὐκ

80 2434 211 2523 ἀπηνὴς
231 2437 286 2502 καὶ
307 2441 376 2502 των
395 2433 569 2501 ἑκουσίων.

163 2541 421 2604 Verumtamen
449 2538 511 2602 hae
539 2537 678 2600 laciniae
706 2558 779 2600 oum
807 2557 873 2602 non
898 2538 1004 2622 magis
1024 2537 1067 2602 ad
1087 2536 1191 2624 Didy-

79 2665 166 2708 mum
192 2640 440 2706 Chalcenterum
462 2641 626 2727 periinere
651 2639 839 2723 videantur,
873 2663 969 2726 quam
992 2661 1075 2726 quac
1096 2635 1191 2703 Ioan-

66 2747 138 2809 'nes
162 2742 330 2808 Stobensis
358 2743 391 2804 in
419 2741 515 2806 floril.
540 2743 590 2805 tit.
615 2740 696 2806 CIII
717 2743 757 2805 28
786 2741 822 2806 ἐκ
841 2745 900 2826 τῆς
922 2739 1081 2824 Διδύμου
1102 2736 1192 2806 Ἐπι-

80 2848 231 2929 τομῆςο
258 2843 368 2908 verbis
397 2844 474 2908 inde
508 2839 570 2926 τὴν
603 2836 635 2906 δ’
668 2835 948 2926 εὐδαιμονίαν-
972 2843 1018 2917 εἰς
1039 2838 1076 2904 τὸ
1098 2840 1190 2919 τέλος

79 2947 256 3033 excerpsit,
284 2944 424 3009 frustula
446 2944 496 3007 his
520 2943 640 3008 similia
660 2966 824 3030 apponere
848 2941 1067 3029 supersedebo
1095 2943 1129 3007 in
1156 2942 1188 3007 S.

78 3048 224 3112 Maximo
245 3044 442 3110 Confessore
466 3055 498 3109 et
517 3045 654 3110 Antonii
675 3044 810 3108 Melissa
834 3039 1008 3109 exslantia.
1055 3044 1107 3111 Of.
1128 3045 1190 3110 Fa·

79 3149 161 3214 bric.
190 3146 271 3211 bibl.
294 3147 352 3211 Gr.
371 3146 457 3210 VllI
484 3171 515 3233 p.
538 3149 610 3211 833.
656 3147 802 3227 Quorum
822 3145 1026 3232 altera-pars
1050 3147 1189 3214 fortasse

79 3272 99 3314 a
117 3249 262 3336 Didymo
279 3248 498 3336 Pythagorico
519 3245 659 3312 Neronis
680 3248 809 3334 aequali
830 3249 961 3335 (quode
982 3249 1124 3314 Heeren.
1156 3252 1189 3312 in

79 3372 194 3415 comm.
216 3335 258 3413 de
282 3348 363 3412 font.
390 3347 450 3412 ecl.
477 3349 525 3413 Io.
547 3347 637 3412 Stob.
666 3372 698 3435 p.
730 3349 874 3415 189-92
899 3335 1015 3435 dixit).
1045 3351 1148 3417 altera
1170 3374 1189 3415 a

30 3431 37 3444 ’
77 3450 224 3536 Didymo
244 3449 471 3515 Alexandrino
495 3448 601 3514 Coeco
624 3449 771 3538 profecta
790 3460 851 3515 est.
