2894 4890
1171 377 1229 438 251

120 535 275 624 καθάπερ
302 539 356 602 καί
376 525 600 621 Ἀριστοφάνη
624 535 661 600 ἐν
682 535 867 620 Βατράχοις
886 535 1002 620 φάναι.
1043 541 1232 608 Athenaeus

119 643 259 707 fortasse
286 639 388 704 libros
416 639 553 726 Didymi
580 639 769 703 convivales
798 640 1004 727 compilavit,
1032 643 1086 706 vel
1107 640 1233 727 σύμμι-

118 767 197 826 κτα,
229 764 292 829 quo
321 740 429 806 refero
458 742 555 806 etiam
585 739 716 824 έξῆκται
744 738 782 804 ἐν
807 751 877 818 ταῖς
901 741 1051 826 ἐκλογαῖς
1072 746 1106 808 in
1130 746 1231 811 schol.

118 848 196 912 Pac.
223 847 314 908 1241.

650 982 699 1043 19.

207 1096 314 1160 Schol.
338 1095 425 1160 Avv.
453 1099 491 1159 13
524 1088 702 1161 δάκνων
724 1091 901 1179 ὀρνέων·
933 1089 1007 1160 άντί
1027 1101 1090 1161 τοῦ
1112 1091 1232 1179 ὀρνεο-

118 1195 251 1265 πείλων.
297 1198 491 1278 Δίδυμος
514 1190 551 1260 δέ
581 1193 676 1262 δεινά
707 1195 851 1280 φάσκειν
874 1193 999 1276 αὐτοὺς
1022 1199 1058 1262 έκ
1080 1202 1149 1263 τῶν
1170 1193 1232 1283 ὀρ-

118 1302 207 1366 νέων
234 1297 453 1363 πεπονθέναι.
498 1295 568 1362 ἐπεὶ
589 1292 717 1381 Ὀρνέαι
742 1303 799 1383 τῆς
822 1304 1019 1383 Λακωνικῆς
1046 1301 1118 1364 εἰσι.
1164 1296 1229 1383 πρδ

120 1397 158 1467 δὲ
188 1400 273 1466 ίτοῐν
302 1397 365 1464 δύο
393 1402 503 1475 κακῶς
531 1397 608 1480 περὶ
629 1404 840 1465 Μαντίνειαν
864 1395 1074 1484 ἀπήλλαξαν,
1108 1395 1156 1478 ὡς
1177 1401 1231 1466 καὶ

118 1499 199 1580 τοὺς
215 1496 422 1584 στρατηγοὺς
439 1495 634 1585 άποβαλεῖν,
656 1497 791 1583 Λάχητα
805 1501 860 1566 καί
874 1497 1118 1586 Νικόστρατον,
1141 1499 1232 1569 καθά

118 1603 173 1667 καί
196 1599 396 1682 Ἀνδροτίων
418 1605 531 1685 φησίν.
576 1602 796 1666 Pertractavit
816 1603 898 1668 haec
920 1603 1004 1668 God.
1021 1604 1230 1671 Hermannus

118 1707 152 1769 in
174 1704 357 1789 Philologo.
398 1705 451 1768 De
470 1705 589 1768 Orneis
612 1703 757 1790 disputat
776 1705 817 1769 Ε.
842 1707 973 1772 Curtius
994 1707 1171 1793 Peloponn.
1195 1708 1231 1772 ΙΙ

117 1832 150 1895 p.
174 1808 236 1870 478
255 1829 326 1895 sqq.
350 1817 382 1870 et
403 1831 435 1893 p.
460 1809 522 1873 582
543 1827 576 1870 n.
600 1809 651 1871 55.

649 1994 701 2057 20.

203 2112 255 2172 43.
279 2112 441 2173 κανοῦν
463 2105 494 2174 δ’
514 2110 985 2192 έχοντε·-Δίδυμοςδέ
998 2128 1104 2192 φησιν
1121 2105 1231 2194 ἀμυν-

118 2205 216 2292 τήρια
237 2213 305 2274 τῶν
329 2205 458 2291 ὀρνέων
481 2207 566 2277 αὐτὰ
589 2209 775 2296 βαστάζειν,
797 2205 872 2275 άντὶ
894 2205 1003 2274 ὅπλου
1025 2211 1087 2293 μὲν
1109 2207 1146 2275 τδ
1168 2236 1230 2276 κα-

118 2314 223 2391 νοῦν,
255 2316 516 2395 περικεφαλαίας
543 2313 579 2377 δε
607 2308 669 2396 τὴν
697 2308 841 2395 χύτραν,
866 2312 922 2375 ἵνα
943 2307 989 2394 μη
1015 2308 1229 2396 άφιπτάμενα

118 2407 159 2476 τὰ
179 2406 281 2495 ὄρνεα
303 2411 411 2498 τύπτη
435 2409 570 2492 αὐτούς.
610 2411 668 2491 τάς
689 2413 727 2492 δὲ
747 2415 911 2500 μυρρίνας
933 2412 1018 2495 πρδς
1040 2409 1076 2477 τὸ
1101 2407 1229 2478 άποσο-

117 2518 202 2598 βεῖν.
248 2513 301 2580 Of.
329 2513 420 2581 Suid.
451 2538 476 2581 ε.
500 2539 532 2582 v.
563 2520 702 2582 κανοῦν.
733 2507 886 2582 Ιιοιιῖεοδ.
910 2517 944 2581 in
965 2515 1082 2582 Philol.
1105 2516 1170 2581 vol.
1195 2516 1230 2580 ΙΙ

116 2641 149 2704 p.
173 2621 211 2680 17
234 2640 304 2704 sqq.

650 2754 699 2816 21.

204 2871 255 2933 58.
282 2868 453 2935 ἐποποῖ·
480 2867 705 2954 Σύμμαχος
727 2868 1229 2958 καίΛίδυμοςπροπαροξά-

117 2987 254 3034 νουσιν·
276 2971 311 3034 oc
330 2967 366 3034 δὲ
388 2957 607 3056 περισπῶσιν,
629 2967 676 3036 ἵν’
700 2963 722 3058 ᾖ
743 2971 918 3057 ἐπίρρημα,
940 2965 1013 3034 ἀντὶ
1026 2975 1088 3035 τοῦ
1111 2970 1230 3035 έποπι-

117 3073 180 3134 στί.
225 3072 256 3135 εί
286 3067 322 3135 δὲ
353 3071 661 3158 προπαροξάνοιτο,
696 3077 800 3156 δῆλον
830 3068 882 3138 ὅτι
905 3069 1137 3157 ἐσχημάτισται
1162 3067 1227 3137 άπὸ

119 3166 254 3248 εὐθείας
273 3176 331 3256 τῆς
353 3174 487 3250 ἔποπος.

647 3361 698 3424 22.

206 3478 275 3539 149.
298 3515 341 3524 -
362 3514 403 3523 -
426 3477 614 3559 Δίδυμος
641 3477 681 3543 δέ
708 3495 790 3562 φησι
812 3477 1000 3560 Λέπρεον
1029 3473 1227 3559 ὠνομάσθαι

116 3567 216 3658 η”διά
235 3570 272 3640 τὸ
296 3569 358 3659 τὴν
378 3571 491 3659 χοίραν
512 3573 593 3641 αάτό
616 3578 746 3644 λέπειν·
770 3582 1004 3661 διαφαίνονται
1027 3572 1091 3660 γάρ
1115 3577 1151 3641 έκ
1171 3581 1229 3658 τῆς

115 3671 267 3757 ὀρεινῆς·
292 3675 413 3759 πέτρας
429 3672 493 3759 γάρ
512 3673 596 3742 εἶναι
614 3675 737 3744 αὐτόθι
752 3681 904 3755 ποικίλας
918 3675 1066 3760 χρώματι
1082 3680 1138 3742 καί
1153 3679 1225 3742 δια-

115 3771 271 3860 λεάκους,
293 3770 409 3861 ὁμοίας
426 3790 495 3855 τοῖς
518 3773 575 3856 τάς
594 3775 689 3856 ὄψεις
711 3782 883 3863 λεπριοῐσι,
906 3777 961 3842 καὶ
977 3772 1032 3842 διὰ
1048 3780 1148 3842 τοῦτο
1164 3772 1227 3841 οὕ-

115 3899 181 3952 τως
210 3871 408 3960 ὠνομάσθαι
437 3878 473 3944 έκ
501 3883 563 3944 τοῦ
589 3876 739 3958 πάθους·
780 3873 801 3963 ἢ
831 3877 886 3945 διὰ
916 3875 952 3944 τό
973 3873 1052 3955 τούς
1074 3872 1228 3958 κράτους

115 3971 316 4059 οἰκήσαντας
347 3973 409 4062 τὴν
438 3977 538 4046 πόλιν
566 3979 671 4066 ταάτη
702 3984 742 4068 τῇ
759 3979 849 4068 νόσῳ
871 3983 1105 4062 κατεσχῆσθαι.
1148 3973 1228 4055 τούς

114 4066 180 4141 οὖν
214 4076 467 4163 πλησιοχώρους
497 4078 696 4164 Λεπρεάτας
733 4082 827 4169 (Heu.
861 4075 1063 4166 Λεπρεάται)
1104 4073 1228 4157 αὐτούς

115 4183 247 4244 καλεῖν·
275 4175 355 4256 τούς
377 4177 414 4245 δέ
435 4177 480 4266 μὴ
503 4182 734 4267 βουλομένους
753 4183 866 4245 δοκεῖν
888 4175 1054 4263 άχθεσθαι
1077 4184 1123 4268 τῷ
1145 4174 1227 4248 ὀνό-

115 4302 211 4365 ματι,
241 4281 394 4364 Λέπρεον
414 4279 476 4367 τὴν
499 4279 599 4348 πάλιν
621 4281 773 4347 καλέσαι·
801 4275 986 4368 οὐδετέρως
1008 4275 1073 4370 γάρ
1095 4279 1224 4367 λέγεται
1282 4323 1283 4326 ¹
