2866 4882
230 364 292 427 348

230 529 309 594 olim
327 526 513 613 dupondius
541 525 703 610 cisonio,
729 526 765 592 id
787 534 837 592 est
859 528 923 593 duo
945 524 1049 590 librae
1068 535 1101 592 et
1121 526 1236 610 semis,
1260 528 1354 614 quasi

125 693 129 702 .
231 631 458 712 semistertius,
488 651 551 716 quo
579 629 902 716 temporedenarius
931 627 1078 693 decussis
1101 627 1255 713 valebat,
1293 629 1354 694 hoc

231 741 295 798 est:
318 739 393 818 post
412 729 494 796 duos
514 752 654 819 sequens
675 729 773 794 tertio
793 728 865 795 loco
894 737 943 795 est
969 730 1078 794 semis.
1123 729 1201 794 Hoc
1220 752 1352 818 quoque

231 834 411 900 secundum
430 832 559 897 Atticos
582 830 749 913 cilones,
771 831 827 918 qui
849 825 952 915 ἥμισυ
975 832 1089 911 τρίτον
1110 831 1352 918 dicebantpro

231 933 295 1003 δύο
319 932 422 1021 ἥμισυ
442 942 527 1000 teste
549 935 647 999 etiarn
668 931 861 1018 Didymo,
890 935 947 1021 qui
963 932 1026 998 hoc
1049 935 1143 1020 ponit
1170 934 1351 1000 ostendens

230 1041 265 1104 in
291 1039 380 1105 omni
406 1045 498 1126 parte
524 1035 680 1100 orationis
707 1043 739 1098 et
761 1036 1012 1100 constructionis
1034 1035 1223 1121 analogiam
1249 1035 1351 1102 Grae-

230 1164 343 1208 corum
364 1147 492 1205 secutos
515 1158 587 1201 esse
600 1131 775 1220 Romanos,
798 1137 885 1201 unde
908 1145 939 1202 et
954 1136 1142 1203 Herodotus
1165 1137 1201 1199 in
1217 1137 1237 1200 I
1252 1137 1352 1202 histo·

229 1245 352 1308 riarum
377 1243 422 1328 (5.
445 1241 500 1324 50)
523 1237 666 1304 ἐποιεῖτο
684 1278 727 1291 -
747 1232 982 1322 ἡμιτάλαντον.
1028 1234 1104 1304 ldorl
1127 1232 1172 1322 δὴ
1195 1228 1266 1303 οὖν
1291 1241 1350 1327 (sic

230 1344 491 1426 Lindemannus3
513 1342 584 1408 cod.
600 1343 746 1407 EMOY
764 1341 1029 1425 ΑΙΟΝΙΠΟΝ·)
1054 1336 1271 1420 εἰπάν-δέκα
1294 1363 1351 1405 τα-

231 1441 364 1509 λάντων
393 1447 597 1528 γεγενῆσθαι
620 1438 680 1508 τὸν
704 1441 823 1507 λέοντα
833 1444 855 1529 ¹)
883 1440 1056 1525 καταλέγει
1084 1443 1174 1524 ἔχειν
1198 1440 1351 1526 ἕβδομον

231 1539 467 1632 ἡμιτάλαντον,
489 1544 664 1611 τουτέστιν
686 1544 720 1623 ἓξ
742 1537 1011 1628 ἡμιτάλαντα”).

773 1734 803 1795 5.

315 1848 475 1914 Priscian.
505 1848 546 1914 de
575 1849 654 1935 figg.
683 1870 808 1914 numer.
836 1847 951 1914 11116
979 1847 1044 1914 vol.
1071 1847 1107 1911 II
1128 1869 1162 1932 p.
1188 1848 1254 1910 395
1277 1857 1352 1935 post

231 1949 338 2016 locum
360 1973 378 2015 e
399 1951 484 2018 libro
505 1951 665 2017 Varronis
685 1950 729 2016 de
751 1951 864 2036 lingua
890 1949 993 2014 latina
1015 1949 1127 2036 quinto
1152 1948 1198 2036 (p.
1229 1953 1272 2012 47
1299 1950 1350 2014 ed.

301 2108 327 2176 1)
342 2109 401 2161 Scr.
421 2094 493 2179 κᾷτα
511 2101 593 2173 λέγει.
616 2109 706 2174 Atque
724 2093 797 2177 κᾷτα
809 2122 858 2172 pro
877 2103 929 2155 καί
938 2105 1088 2160 Menandro
1106 2106 1190 2161 otiam
1208 2107 1240 2160 in
1252 2109 1349 2162 scholi.
1403 2115 1404 2119 ’

230 2197 362 2262 Hippocr.
380 2196 423 2249 ed.
442 2196 620 2260 Daremberg.
644 2212 671 2258 y.
695 2183 858 2259 ὀδαξνσμοί
873 2194 1070 2246 restituendum
1089 2209 1150 2245 esse
1173 2195 1258 2250 video
1277 2182 1351 2269 κᾷτα

230 2273 281 2333 τὸν
300 2273 395 2347 driaco
412 2278 526 2350 Ιλίγνος
546 2271 621 2330 uscia
639 2271 769 2348 ridoiiuil’
789 2267 858 2331 άστε
875 2272 914 2346 μὴ
935 2281 1021 2336 πιεῖν.
1038 2275 1201 2346 Alcmenen
1217 2285 1349 2350 expedio;

229 2359 313 2433 τὸμὴ
329 2359 379 2426 τάς
396 2365 494 2433 τρίγας
512 2368 605 2419 nescio
625 2372 715 2419 utrum
733 2360 825 2434 τομὴν
839 2358 935 2432 τριχός
954 2381 990 2415 an
1008 2367 1045 2417 sit
1062 2356 1169 2432 τμητάς
1187 2367 1300 2434 τρίχας.

300 2454 328 2521 ⁶2)
355 2455 408 2519 Qui
425 2452 507 2520 paulo
525 2458 588 2519 post
603 2455 697 2505 eadem
716 2457 818 2520 pagina
841 2453 968 2505 laudatur
985 2451 1145 2517 Dardanus,
1172 2455 1248 2507 haud
1268 2457 1349 2510 dubie

229 2541 302 2591 idem
320 2546 362 2590 est
380 2545 463 2606 atque
480 2533 645 2605 Δαρδάνους
664 2530 694 2589 ἐν
711 2538 751 2610 τῷ
769 2536 835 2605 περὶ
854 2535 1004 2603 σταθμῶν,
1033 2539 1077 2588 cui
1094 2541 1284 2592 testimonium
1303 2544 1349 2595 de-

229 2628 342 2678 nunciat
361 2627 525 2679 Laurentius
544 2628 637 2694 Lydus
657 2628 690 2678 de
713 2643 813 2678 menes.
833 2643 860 2692 p.
880 2626 914 2677 62
928 2626 970 2676 ed.
989 2625 1023 2675 N.
1043 2625 1148 2676 Schow.
1187 2628 1274 2684 Cuius
1293 2631 1348 2682 loci

230 2716 255 2766 si
277 2730 378 2766 memor
405 2714 504 2764 fuisset
524 2714 557 2765 F.
579 2713 722 2777 Osannus,
751 2729 812 2764 cum
838 2714 1008 2778 praeferetur
1030 2710 1065 2761 ad
1088 2712 1196 2777 Apulei.
1222 2716 1346 2782 orthogr.

230 2819 258 2868 p.
277 2802 373 2853 XVIII
394 2806 452 2852 not.
473 2803 502 2866 2,
527 2816 582 2850 non
604 2800 754 2865 expulisset
775 2800 935 2850 Dardanum
965 2798 1079 2863 locoque
1105 2799 1201 2851 cedere
1224 2801 1346 2867 Didymo

231 2889 367 2940 iussisset.
395 2889 498 2940 Iterum
517 2901 577 2937 eum
596 2890 752 2937 antestatur
767 2887 901 2939 Priscian.
921 2885 950 2934 11
967 2900 994 2950 p.
1014 2883 1074 2936 393.
1101 2885 1141 2935 Ac
1160 2884 1282 2939 fortasse
1300 2905 1345 2955 ap.

230 2973 307 3028 Suid.
327 2972 354 3024 ο.
362 2991 389 3024 v.
405 2963 603 3040 Ἀριστόδημος
615 2990 663 3040 pro
676 2970 794 3023 Δανάαν
810 2971 863 3037 (Ἑλ,
882 2971 1076 3036 Bernhardyus
1086 2965 1289 3042 Διογενιανάν)
1310 2976 1348 3027 le-

231 3059 347 3125 gendum
366 3062 408 3111 est
426 3053 590 3122 Δάρδανον.
628 3061 704 3112 Alios
723 3059 867 3111 Dardanos
886 3059 970 3108 habes
988 3074 1032 3122 ap.
1055 3058 1141 3109 Cicer.
1158 3060 1245 3112 Acad.
1260 3062 1300 3115 IV
1319 3068 1346 3114 et

229 3144 389 3196 Philostrat.
408 3145 433 3194 V
445 3145 498 3194 5.2
517 3159 544 3209 p.
555 3144 615 3196 567.
635 3174 668 3182 -
688 3142 760 3210 Περὶ
779 3142 917 3211 σταθμοῖο
934 3144 1071 3195 Diodorus
1089 3146 1172 3196 etiam
1191 3147 1346 3213 disputavit

229 3235 300 3281 teste
326 3229 498 3293 Diogeniano
524 3245 569 3295 ap.
592 3232 677 3284 schol.
699 3233 756 3283 BL.
780 3235 861 3284 Hom.
886 3233 919 3283 11.
944 3248 971 3297 p.
991 3228 1041 3284 167
1070 3248 1086 3282 a
1110 3231 1198 3282 Bolrk.
1227 3223 1270 3298 (ἐκ
1287 3232 1346 3284 τοῖν

228 3311 419 3380 Διογενιανοῦ
441 3310 492 3378 τῆς
516 3305 652 3381 ἐπιτομῆς
671 3309 845 3382 Ἑλληνικῶν
872 3308 1043 3384 ὀνομάτων.)
1087 3319 1256 3384 Diogeniani
1282 3322 1346 3373 libri

228 3401 432 3468 inscriptionem
451 3402 640 3467 cognoscimus
660 3404 898 3456 eMonteialconii
916 3404 1002 3454 diario
1015 3404 1113 3456 Italico
1132 3423 1158 3471 p.
1173 3407 1226 3460 214
1245 3397 1275 3457 ἐκ
1288 3407 1345 3458 τάν

229 3485 420 3553 Διογενιανοῦ
441 3484 492 3555 τῆς
516 3477 652 3554 ἐπιτομῆς
670 3486 727 3540 τάν
747 3487 928 3555 Ονσηστίνον
951 3491 1012 3559 (sic)
1038 3481 1192 3555 ἕλληνικοίν
1215 3492 1257 3548 dri.
1292 3497 1345 3547 Fa·

227 3577 293 3627 litur
311 3577 381 3627 onim
395 3576 484 3627 Rank.
504 3576 625 3641 Hesych.
641 3594 667 3642 p.
682 3577 725 3629 66.
743 3576 802 3631 128.
816 3579 875 3642 143,
895 3580 942 3645 qui
959 3567 989 3627 ἐκ
1006 3575 1059 3628 τοῦ
1073 3578 1191 3644 scripsit,
1210 3581 1345 3648 neglexit-

228 3722 280 3772 que
299 3703 397 3772 siglam
415 3701 455 3756 66.
495 3703 589 3756 Voluit
614 3721 710 3771 nempe
733 3707 823 3758 scriba
842 3665 894 3758 ὃὸ
912 3707 939 3759 h.
960 3722 984 3759 e.
1003 3697 1163 3772 ὀνομάτων.
1200 3708 1244 3759 ef.
1265 3711 1343 3761 Bast.

227 3835 331 3886 comm.
350 3832 405 3899 pal.
423 3848 450 3896 p.
471 3828 532 3893 827,
551 3832 613 3894 nisi,
634 3834 706 3898 quod
724 3835 877 3899 suspicetur
895 3835 1004 3900 aliquis,
1023 3839 1117 3885 notam
1133 3791 1192 3884 llllll
1210 3835 1238 3888 h.
1255 3854 1279 3890 e.
1299 3852 1345 3887 νο-

227 3951 374 4029 μισμάτων
398 3975 538 4025 perperam
562 3961 697 4012 intellexit
723 3978 755 4013 ac
777 3978 826 4027 pro
846 3921 897 4012 ὃὸ
920 3963 1026 4014 habuit.
1062 3965 1194 4015 Fortasse
1211 3965 1343 4017 Vestinus

228 4049 311 4099 etiam
330 4047 364 4099 de
381 4047 469 4096 numis
485 4047 604 4112 scripsit.
638 4049 764 4100 Ceterum
785 4048 960 4115 Pamphilo
983 4051 1017 4100 ab
1036 4051 1097 4115 ipso
1115 4050 1268 4102 Vestino
1286 4053 1344 4103 bre·
1397 4087 1399 4092 .

227 4135 302 4185 viato
329 4133 402 4183 haud
429 4133 486 4183 scio
515 4149 550 4183 an
578 4150 644 4186 usus
673 4136 710 4185 sit
737 4139 857 4186 auctor
888 4151 1086 4204 synagogas
1114 4137 1343 4203 Bachmanni,

228 4235 307 4284 quem
325 4220 537 4270 Methodium
556 4236 617 4271 esse
636 4221 759 4285 suspicor
782 4219 982 4289 (medicum)
1009 4223 1043 4272 ab
1063 4221 1219 4288 etymologo
1239 4226 1342 4290 saepis-

227 4304 295 4360 sime
309 4305 338 4356 ln
355 4319 383 4369 α,
403 4306 486 4362 semel
502 4322 519 4358 a
538 4306 641 4359 Tectae
659 4304 743 4360 schol.
762 4307 830 4376 Lyo.
849 4307 918 4362 1050
932 4323 959 4378 p.
979 4306 1040 4373 91¹9,
1058 4308 1075 4359 9
1093 4308 1245 4368 laudatum.
