2894 4890
207 331 268 391 218

210 495 487 584 συγχριγσάμενον
516 492 577 561 τὸν
604 497 777 582 Πίνδαρον
807 491 965 579 εύχεσθαι
992 507 1062 574 τοῖς
1079 495 1317 582 Διοσκούροις.

207 603 242 666 οί
257 603 310 686 δέ,
343 595 394 665 ὅτι
412 593 577 684 Ἡρακλῆς
610 593 864 682 ἀποθεούμενος
897 596 1031 676 τούτοις
1061 597 1221 684 ἐπέτρεψε
1257 596 1319 664 τδν

208 699 340 788 άγοῐνα,
369 695 413 778 ὡς
443 700 499 765 καὶ
528 693 630 777 αύτδς
654 695 672 764 δ
695 698 865 783 Πίνδαρός
886 717 979 784 φησι.
1025 705 1065 789 τῇ
1084 696 1319 792 Ἀρισταρχείιμ

208 799 368 869 ἀποδόσει
389 796 407 868 ὁ
431 804 623 887 Δίδυμος
644 807 771 888 μᾶλλον
795 807 1022 887 προστίθεται.

295 905 346 970 Of.
369 906 515 971 Boeekh.
540 906 658 991 explic.
682 906 775 970 Pind.
799 931 831 994 p.
856 909 926 970 135.
954 908 1023 970 136.

748 1102 776 1159 7.

294 1216 345 1280 Ol.
369 1219 400 1279 Γ
417 1220 455 1279 54
476 1209 659 1300 Ὀρθωσίᾳ,
683 1217 723 1299 τῇ
736 1207 908 1296 Ἀρτέμιδι.
954 1216 1030 1297 περὶ
1051 1215 1109 1296 τῆς
1128 1207 1320 1296 Ἀρτέμιδος

205 1311 457 1400 Ἀπολλόδωρος
477 1313 609 1399 γράφει.
654 1311 819 1397 Ὀρθωσία
848 1314 901 1398 δέ,
930 1310 983 1380 ὅτι
1010 1312 1115 1397 ὀρθοί
1140 1318 1185 1392 είς
1207 1331 1319 1398 σωτη-

211 1423 303 1502 ρίαν,
328 1412 347 1500 ἢ
370 1414 475 1499 ὀρθοῖ
497 1413 576 1493 τούς
598 1417 809 1500 γενομένους.
855 1416 910 1481 καί
938 1417 974 1481 έν
993 1413 1151 1500 Ἀθήναις
1171 1418 1319 1502 ἵδρυται,

209 1521 247 1585 τὸ
271 1517 364 1602 ἱερὸν
387 1520 425 1583 δέ
446 1520 537 1582 ἐστιν
559 1520 596 1582 ἐν
618 1522 822 1605 Κεραμεικῷ.
847 1518 901 1582 καὶ
924 1514 1004 1601 παρ’
1027 1513 1167 1595 Ἠλείοις
1184 1513 1318 1604 Ὀρθω-

209 1626 281 1698 σίας
300 1616 491 1701 Ἀρτέμιδος
513 1617 623 1703 ίερόν,
646 1613 696 1696 ύς
717 1636 818 1703 φησι
834 1622 1032 1704 Δίδυμος.
1077 1621 1170 1685 Vrat.
1194 1621 1236 1686 A.

295 1722 347 1786 Of.
376 1721 520 1808 Hesych.
552 1744 577 1785 s,
608 1746 663 1786 vv.
697 1717 822 1806 Ὀρθία.
865 1718 1031 1806 Ὀρθωσίοι
1053 1722 1207 1808 Xenoph.
1236 1723 1316 1787 Lae.

209 1829 243 1906 2,
282 1828 318 1887 10
352 1824 449 1886 Paus.
483 1824 536 1886 III
560 1828 597 1888 16
631 1825 721 1888 Sext.
754 1825 849 1911 Emp.
883 1824 1026 1911 hypoth.'
1047 1825 1163 1912 Pyrrh.
1194 1824 1247 1888 ΙΙΙ
1278 1829 1317 1889 24

210 1927 320 1990 Tzetz,
343 1924 491 2012 Lycoph.
517 1928 591 1989 1331
620 1926 741 1991 Meurs.
766 1928 823 1992 Gr.
852 1927 912 1991 fer.
936 1951 967 2014 p.
991 1930 1041 1991 87.

752 2118 781 2178 8.

253 2239 254 2242 ’
292 2230 344 2295 Ol.
369 2236 401 2294 E
427 2233 466 2294 20
486 2255 519 2318 p.
545 2236 603 2296 123
626 2233 731 2298 Bckh.
760 2227 943 2316 δ”Ιππαρις
969 2233 1098 2314 λέγεται
1123 2227 1181 2308 τὰς
1203 2231 1320 2316 ῥύσεις

208 2337 277 2397 των
305 2328 441 2396 ὑδάτων
470 2335 558 2416 ἔχειν
582 2328 645 2416 ούχ
673 2327 811 2416 ὁμοίως,
846 2330 932 2400 ἀλλά
960 2328 1021 2416 Ιτὴν
1050 2330 1112 2417 μὲν
1144 2341 1317 2417 γλυκεῖαν,

211 2428 273 2516 τὴν
296 2435 332 2498 δὲ
356 2430 498 2518 πικράν,
522 2431 605 2518 ὅπερ
626 2433 786 2519 κρύπτων
814 2435 830 2500 ὁ
855 2432 993 2519 ποιητὴς
1013 2431 1159 2519 σεμνούς
1179 2430 1319 2517 ὀχετούς

209 2536 307 2617 λέγει.
345 2529 499 2618 Ἵππαρις
521 2535 557 2600 δὲ
579 2534 725 2619 ποταμὸς
746 2542 911 2614 Σικελίας.

292 2633 394 2719 Φάσω
426 2636 479 2700 καὶ
509 2634 724 2722 Καμάριναν,
762 2633 810 2703 ἵν’
837 2634 991 2720 Ἵππαρις
1021 2633 1172 2720 ἀγκύλον
1211 2637 1316 2720 ἕρπει.

204 2735 414 2822 Ἀρίσταρχος
430 2740 584 2821 παριέναι
601 2738 683 2823 φησὶ
699 2735 925 2822 τδνἽππαριυ
944 2736 1006 2824 τὴν
1024 2739 1125 2805 πόλιν
1144 2739 1198 2803 καὶ
1210 2759 1319 2823 προσ-

206 2839 325 2923 χέουτα
338 2841 424 2927 (οοδ.
449 2843 657 2930 προέχων..)
681 2841 976 2908 συναναπλάσσειυ
998 2836 1084 2927 αὑτῇ
1106 2845 1180 2926 γῆν.
1208 2845 1318 2906 Τοῦτο

209 2943 248 3005 δέ
260 2958 364 3024 φησιν
382 2936 400 3005 ὁ
420 2944 610 3026 Δίδυμος
630 2939 826 3028 ἀμάρτυρον
846 2940 941 3009 εἶναι.
987 2940 1029 3008 ού
1052 2937 1116 3027 γάρ
1138 2944 1317 3026 ίστορεῖται

207 3044 281 3122 περὶ
311 3038 371 3106 τὸν
391 3037 550 3127 Ἵππαριν
579 3044 633 3108 καὶ
664 3041 727 3129 τὴν
755 3040 955 3128 Καμάριναν
989 3048 1088 3109 τούτο
1119 3038 1316 3126 γενόμενον.

206 3145 344 3208 Βέλτιον
368 3133 432 3206 ούυ
455 3140 544 3210 οὑτω
566 3147 670 3222 τινές·
694 3143 807 3228 ἐπειδὴ
822 3145 854 3224 ἐξ
878 3142 1048 3230 ὑπογυιόυ
1067 3140 1272 3232 συνῴκισται
1294 3139 1316 3228 ἡ

207 3245 400 3328 Καμάρινα,
428 3243 518 3310 καθά
544 3248 598 3309 καί
628 3248 762 3311 νέοικον
785 3241 892 3331 αὑτὴν
921 3245 1212 3330 προσηγόρευσεν,
1246 3267 1318 3326 γει-

206 3351 282 3432 τνιᾷ
312 3347 347 3412 δὲ
361 3342 515 3426 Ἵππαρις
537 3342 638 3434 αὑτῇ,
667 3345 750 3411 κατά
769 3353 868 3412 τούτο
890 3346 1011 3432 φάναι,
1039 3347 1092 3412 ἐπὶ
1113 3349 1175 3410 τού
1198 3360 1318 3410 συνοι-

208 3452 330 3531 κισμοὺ
358 3452 545 3512 κολλᾶσθαι
574 3442 634 3512 ὑπ’
666 3443 773 3515 αύτού
797 3452 941 3515 σταδίων
963 3444 1128 3529 θαλάμων
1153 3441 1318 3529 ὑψίγυιον

207 3551 292 3637 (eod.
312 3544 524 3634 ὑψίπυργον,
547 3551 632 3636 quod
654 3551 819 3635 Bergkius
841 3575 906 3616 non
927 3547 1067 3614 debebat
1085 3571 1145 3635 pro
1167 3547 1317 3612 lectionis

204 3653 363 3715 varietate
388 3652 526 3737 habere)
557 3645 665 3726 ἀλσος.
716 3651 788 3715 ἐπεὶ
816 3647 855 3716 τά
885 3651 970 3738 (eod.
997 3651 1123 3736 ἔπειτα)
1146 3647 1318 3732 ἐπιτήδεια

207 3750 291 3835 πρὸς
311 3749 373 3834 τὴν
393 3747 576 3834 οἰκοδομὴν
592 3746 647 3815 διά
670 3756 732 3816 τοὺ
754 3749 927 3816 κατάπλου
948 3753 1203 3835 προσεκομίζετο
1227 3751 1315 3834 (eod.
1377 3775 1380 3780 ·

206 3854 353 3938 προεκ.),
386 3848 471 3916 ὥστε
500 3864 610 3917 ποιεῖν
636 3855 792 3928 σταδίους
821 3850 1007 3936 θαλάμους.
1054 3851 1108 3915 sie
1136 3851 1316 3937 ‘reliquiae

203 3956 291 4019 docti
314 3953 391 4018 olim
412 3950 525 4014 scholii
549 3973 591 4014 ex
612 3955 704 4018 Vrat.
724 3954 783 4034 Α’,
807 3953 924 4038 quibus
946 3953 1078 4036 gemina
1099 3952 1168 4016 fere
1190 3952 1316 4036 profert

203 4056 286 4118 alter
307 4053 482 4117 scholiasta
503 4054 589 4137 apud
601 4053 804 4118 Boeokhium
827 4076 857 4138 p.
877 4055 945 4115 122.
969 4051 1106 4137 Didymi
1125 4051 1314 4139 explicatio·

199 4177 274 4217 nem
296 4152 438 4239 amplexi
462 4161 538 4217 sunt
551 4154 710 4219 Libanius
732 4155 768 4217 ΙΙ
780 4178 811 4241 p.
827 4156 887 4217 386
907 4152 935 4214 B
959 4152 1190 4228 etB0eekhius
1212 4152 1312 4238 expll.

200 4253 295 4317 Pind.
323 4276 355 4339 p.
382 4256 451 4318 149.
1244 4283 1247 4290 ·
1291 4283 1295 4290 ·
