2812 4868
1159 331 1199 388 55

87 499 312 588 quaestionem
330 497 472 583 pertinet
493 489 660 579 ἄγρηνόν,
685 517 767 582 quae
784 494 916 581 quidem
934 493 1061 579 glossa,
1085 497 1114 560 si
1137 497 1197 560 Th.

87 601 235 686 Bergkio
266 598 364 664 fidem
382 595 509 680 habes,
535 597 631 662 fluxit
664 621 706 662 ex
734 597 828 662 libris
858 596 899 660 de
922 597 1090 662 comoedia
1114 599 1197 684 (vid.
1229 640 1232 646 ,

87 701 212 787 Bergk.
236 699 334 766 anall.
358 698 455 764 Alex.
483 721 570 787 spec.
592 699 627 763 II
648 724 679 786 p.
696 705 718 765 0
737 698 811 764 coll.
838 697 1036 762 Winckelm.
1056 722 1197 764 monum.

87 804 175 870 ined.
198 828 230 890 p.
248 805 312 886 Ι212
343 795 482 867 Sdhoen.
502 802 543 866 de
565 824 651 887 pers.
676 803 710 866 in
732 801 811 864 Eur.
834 800 954 864 Bacch.
977 799 1091 864 habitu
1112 826 1143 888 p.
1159 806 1197 867 54

87 904 250 968 Wieseler
264 905 298 967 in
315 903 397 968 diar.
415 905 515 989 antiq.
534 906 625 967 1845.
647 926 679 989 p.
697 904 759 987 14),
783 903 811 966 51
823 901 908 966 God.
922 901 1138 989 Bernhardyo
1158 903 1198 968 de
1263 887 1275 904 ⁵

89 1005 256 1070 Eratosth.
281 1030 312 1092 p.
340 1009 408 1087 155,
432 1027 449 1068 5
473 1004 556 1070 libro
578 1005 764 1087 histrionio,
791 1005 820 1068 si
841 1003 1044 1090 deniquo-F.
1066 1003 1199 1072 Osanno

88 1107 109 1170 l.
123 1129 151 1172 0.
170 1131 202 1193 p.
212 1110 257 1171 32
280 1108 320 1172 15.
337 1107 418 1191 XII,
442 1130 485 1172 ex
500 1108 645 1192 Erigone
667 1107 814 1194 profecta
834 1115 884 1170 cst
903 1106 959 1188 [01.
977 1106 1057 1170 Hes.
1075 1100 1198 1188 ν’ίγανα·

89 1205 259 1292 σαγήνην·
290 1207 457 1292 Κύπριον.
488 1210 605 1296 Engel.
636 1211 678 1276 de
708 1209 817 1297 Cypro
843 1209 918 1274 Vol.
947 1209 964 1272 I
993 1232 1024 1296 p.
1050 1213 1195 1292 5581.-

73 1310 212 1401 'Aperte
248 1333 266 1375 e
299 1311 542 1376 comodumenis
576 1311 743 1376 fluxerunt
773 1311 854 1375 hacc
885 1304 1043 1376 ἆλκεόν
1085 1314 1198 1398 (55505.

88 1407 243 1500 ἀλκαίον)
277 1414 399 1478 Bernh.
421 1438 453 1500 p.
478 1417 539 1479 233
567 1414 608 1478 15.
633 1413 765 1496 XLIII,
803 1409 989 1497 ἐφόδιον
1021 1415 1143 1479 Bornh.
1166 1439 1197 1502 p.

89 1513 213 1578 22015.
236 1513 333 1578 XXI.
358 1513 454 1601 (Pap.
477 1515 542 1580 lex.
566 1515 625 1580 Gr.
649 1514 702 1578 III
723 1539 755 1601 p.
782 1518 841 1577 152
857 1509 1076 1601 Ἐφουδίων),
1099 1513 1196 1599 παρ’

88 1617 288 1698 αἰγείρων
318 1614 393 1681 θέα
426 1641 457 1704 p.
481 1620 552 1682 229.
587 1617 628 1682 15.
658 1617 841 1682 XXXVII.
877 1617 971 1704 (Hes.
1004 1621 1105 1700 ἴκρια.
1135 1618 1199 1684 θέα

87 1711 170 1800 παρ’
193 1719 353 1800 αίγείρον.
376 1720 526 1803 αίγείρου
548 1718 623 1784 θέα.
645 1719 739 1784 Phot
761 1722 811 1802 81,
836 1724 874 1784 16
896 1719 1005 1784 Bekk.
1024 1720 1162 1786 anecdd.
1182 1722 1199 1785 I

87 1824 159 1902 354,
178 1823 218 1882 25
232 1819 366 1884 Bachm.
390 1821 526 1886 anecdd.
543 1822 622 1903 142,
636 1823 686 1903 25,
708 1811 795 1885 unde
817 1820 960 1905 glossam
974 1820 1017 1885 ad
1030 1821 1199 1886 Cratinum

88 1931 236 2009 spectare
269 1922 470 2010 rescimus),
499 1918 628 1988 Ῥοίκου
663 1927 894 2006 κριθοπομτία
927 1923 1062 2010 (Bernh.
1081 1948 1114 2010 p.
1137 1927 1194 1989 231

88 2022 128 2087 G.
151 2023 268 2108 Engel.
293 2025 426 2111 Kypros
456 2026 527 2112 Ip.
555 2028 618 2110 10).
664 2025 709 2089 At
734 2023 985 2107 Eratosthenes,
1017 2033 1054 2090 ut
1083 2026 1205 2091 Meieri

86 2120 198 2186 verbis
220 2131 295 2188 utar
307 2126 341 2189 in
357 2147 473 2190 comm.
489 2128 636 2204 Andooc.
656 2126 714 2209 VI,
728 2129 746 2189 2
758 2149 789 2211 p.
804 2125 865 2208 XI,
886 2127 920 2189 in
942 2125 1085 2211 spatioso
1102 2148 1199 2212 opere

87 2224 174 2310 quod
205 2225 246 2290 de
273 2227 441 2291 comoedia
462 2227 608 2292 condidit
635 2249 694 2292 κοα
717 2237 830 2292 tantum
851 2233 1000 2306 exposuit,
1042 2249 1198 2317 quaecun-

85 2347 143 2404 que
162 2332 206 2390 ad
223 2333 422 2394 didascalicam
443 2335 661 2396 comoediarum
681 2337 876 2409 pertinerent,
896 2333 951 2392 sed
971 2334 1060 2392 verbo
1085 2321 1199 2410 quoque

86 2434 264 2506 explicavit,
292 2449 369 2506 quae
393 2452 452 2496 κοα
479 2439 618 2511 vulparia
640 2453 697 2496 usu
718 2441 771 2496 ανί
789 2435 1065 2495 Alexandrinorum
1087 2437 1199 2497 iudicio

86 2536 213 2595 obscura
235 2537 417 2598 viderentur.
459 2533 575 2620 Itaque
595 2533 727 2615 factum,
748 2539 785 2595 ut
807 2531 1100 2597 calceamentorum
1121 2557 1198 2621 quo·

89 2654 151 2718 que
173 2640 206 2695 et
224 2631 371 2698 ciborum
390 2636 523 2698 nomina
544 2632 757 2704 insolentiora
779 2633 978 2720 explanaret,
999 2633 1101 2699 veluti
1115 2658 1198 2722 quae

85 2734 365 2820 aercsychium
390 2737 575 2801 etiamnunc
597 2743 728 2800 exstant
761 2737 1003 2811 Βασιλίὸες·
1041 2729 1199 2820 ὑπόδημα

87 2844 283 2917 γυναικεῖον
302 2835 357 2902 καὶ
379 2832 572 2922 αὐλητικόν,
593 2831 638 2914 ὡς
658 2832 913 2921 Ἐρατοσθένης
938 2830 1003 2901 ἀπὸ
1022 2841 1083 2900 τοῦ
1101 2843 1199 2922 βασι-

88 2938 169 3014 λέως
185 2935 379 3023 κληθέντος,
402 2940 469 3004 vid.
483 2939 717 3026 Bernhardyus
740 2963 772 3027 p.
787 2942 848 3004 206
866 2937 907 3002 fr.
920 2937 961 3002 V.
985 2938 1069 3003 Poll.
1091 2960 1197 3004 onom.

87 3039 154 3104 VH
187 3042 227 3102 85
260 3062 292 3125 p.
327 3043 388 3107 294
420 3041 529 3106 Bckk.
562 3043 643 3107 Hes.
677 3042 711 3105 Π
742 3043 821 3104 1530
862 3043 1101 3122 φνλοβαοιίεῑς
1122 3041 1198 3106 ¹Eu·

88 3141 184 3206 stath.
209 3144 297 3224 1425,
324 3147 372 3209 10.
402 3143 554 3222 Balduin.
578 3146 619 3210 de
642 3129 721 3208 calc.
739 3144 840 3229 antiq.
862 3144 933 3206 203.
965 3133 1076 3229 Steph.
1100 3142 1197 3206 Thes.

87 3244 123 3307 L.
148 3244 190 3308 (1.
214 3243 251 3307 II
271 3244 352 3309 fasc.
376 3245 393 3309 I
415 3269 447 3332 p.
475 3249 544 3311 172.
552 3297 561 3330 ,
586 3239 857 3328 Ἡδνντῆρες·
891 3244 925 3307 ol
944 3237 1031 3318 ἅλες.
1064 3236 1199 3325 Ἐρατο-

88 3350 230 3433 σθένης,
261 3346 329 3414 vid.
360 3345 444 3412 hort.
466 3347 575 3414 Adon.
603 3372 635 3435 p.
656 3348 762 3412 23οΑ
791 3344 885 3409 Phot.
910 3345 968 3426 62,
991 3347 1031 3408 24
1053 3341 1141 3420 τινὲς
1163 3343 1199 3409 δὲ
1285 3405 1287 3409 .

88 3441 246 3535 λέγουσιν
266 3445 498 3535 ἡδυντῆτες
526 3449 609 3516 Ρο11.
633 3449 683 3516 VI
706 3453 742 3514 71
768 3470 800 3534 p.
825 3451 886 3512 245
919 3445 1028 3510 Bekk.
1051 3445 1196 3534 Hesych.

89 3546 317 3636 5500110ος
337 3550 484 3616 Lobeok.
498 3551 661 3639 Aglaoph.
685 3551 804 3614 11870.
827 3547 1061 3634 Bernhardyus
1083 3548 1104 3612 l.
1118 3571 1146 3612 c.
1165 3572 1197 3634 p.

90 3658 148 3718 142
181 3656 216 3718 in
241 3654 404 3720 Mercurio
431 3663 579 3740 poemate
608 3653 670 3719 hoc
692 3651 888 3718 vocabulum
908 3649 1029 3715 lectum·
1050 3671 1122 3716 5555
1143 3673 1198 3737 pa-

88 3777 157 3821 rum
177 3755 393 3843 probabiliter
412 3757 572 3842 opinatur.

172 3860 310 3924 Photius
344 3858 378 3921 in
412 3857 519 3922 lexico
552 3855 804 3939 Eratosthenes,
839 3877 922 3941 quae
954 3855 1085 3941 quidem
1111 3855 1198 3941 apud

89 3962 290 4050 Hesychiurn
312 3967 491 4042 recurrunt,
513 3959 594 4024 haec
613 3959 756 4024 continet
779 3981 811 4044 p.
831 3961 881 4040 34,
900 3949 1121 4052 deliciata
1143 3953 1198 4018 aul

89 4060 126 4127 τὰ
148 4057 263 4148 ὅμοια·
293 4057 403 4146 μακρὰ
426 4054 446 4145 ἡ
469 4064 641 4127 τελευταία
663 4060 718 4126 καὶ
748 4054 987 4143 παροξύνεται,
1011 4050 1119 4138 ὥςπερ
1142 4053 1197 4118 καὶ

88 4161 389 4250 Ἐρατοσθένης
425 4163 463 4228 ἐν
496 4168 530 4246 ιβ
566 4163 641 4247 περὶ
678 4164 864 4249 [κωμῳδίας
895 4183 957 4226 om.
995 4157 1083 4238 cod,
1119 4156 1195 4220 add.

93 4266 209 4332 Bernh.
241 4289 274 4352 p.
298 4269 360 4331 233
377 4267 433 4330 -15,
457 4263 593 4347 XLIVJ.
627 4262 836 4328 Eratostheni
860 4282 928 4354 *sua
959 4257 1056 4324 dehet
1083 4257 1198 4322 Aelius
