<?xml version="1.0" encoding="UTF-8"?>
<!DOCTYPE html PUBLIC "-//W3C//DTD XHTML 1.0 Transitional//EN"
    "http://www.w3.org/TR/xhtml1/DTD/xhtml1-transitional.dtd">
<html xmlns="http://www.w3.org/1999/xhtml" xml:lang="en" lang="en">
 <head>
  <title>
</title>
<meta http-equiv="Content-Type" content="text/html;charset=utf-8" />
  <meta name='ocr-system' content='tesseract 3.04.00' />
  <meta name='ocr-capabilities' content='ocr_page ocr_carea ocr_par ocr_line ocrx_word'/>
</head>
<body>
  <div class='ocr_page' id='page_1' title='image "./didymichalcente01schmgoog_0119.png"; bbox 0 0 2752 4890; ppageno 0'>
   <div class='ocr_carea' id='block_1_1' title="bbox 110 380 170 442">
    <p class='ocr_par' dir='ltr' id='par_1_1' title="bbox 110 380 170 442">
     <span class='ocr_line' id='line_1_1' title="bbox 110 380 170 442; baseline 0 -1"><span class='ocrx_word' id='word_1_1' title='bbox 110 380 170 442; x_wconf 86' lang='lat'><strong>100</strong></span> 
     </span>
    </p>
   </div>
   <div class='ocr_carea' id='block_1_2' title="bbox 108 533 1265 2460">
    <p class='ocr_par' dir='ltr' id='par_1_2' title="bbox 108 533 1229 1544">
     <span class='ocr_line' id='line_1_2' title="bbox 198 533 1229 626; baseline 0 -18"><span class='ocrx_word' id='word_1_2' title='bbox 198 544 238 608; x_wconf 90' lang='lat' dir='ltr'><strong>V.</strong></span> <span class='ocrx_word' id='word_1_3' title='bbox 264 545 323 606; x_wconf 87' lang='grc'>104</span> <span class='ocrx_word' id='word_1_4' title='bbox 363 533 532 604; x_wconf 85' lang='grc' dir='ltr'><strong><em>τὸνσόν</em></strong></span> <span class='ocrx_word' id='word_1_5' title='bbox 560 537 782 624; x_wconf 74' lang='grc' dir='ltr'><strong><em>ἐνστάτηντ</em></strong></span> <span class='ocrx_word' id='word_1_6' title='bbox 810 535 991 626; x_wconf 79' lang='grc' dir='ltr'><strong><em>ἤτοικατὰ</em></strong></span> <span class='ocrx_word' id='word_1_7' title='bbox 1021 538 1131 608; x_wconf 76' lang='grc' dir='ltr'><strong><em>πάντα</em></strong></span> <span class='ocrx_word' id='word_1_8' title='bbox 1158 539 1229 608; x_wconf 79' lang='grc' dir='ltr'><strong><em>ἐνι-</em></strong></span> 
     </span>
     <span class='ocr_line' id='line_1_3' title="bbox 113 637 1229 732; baseline 0 -22"><span class='ocrx_word' id='word_1_9' title='bbox 113 641 280 729; x_wconf 84' lang='grc' dir='ltr'><strong><em>στάμενόν</em></strong></span> <span class='ocrx_word' id='word_1_10' title='bbox 310 662 364 706; x_wconf 90' lang='grc' dir='ltr'><strong>σοι</strong></span> <span class='ocrx_word' id='word_1_11' title='bbox 390 679 431 688; x_wconf 89' lang='lat'>-</span> <span class='ocrx_word' id='word_1_12' title='bbox 454 644 579 723; x_wconf 80' lang='grc' dir='ltr'><strong><em>κυρίως</em></strong></span> <span class='ocrx_word' id='word_1_13' title='bbox 607 641 644 706; x_wconf 74' lang='lat' dir='ltr'><strong>dl</strong></span> <span class='ocrx_word' id='word_1_14' title='bbox 671 639 830 727; x_wconf 81' lang='grc' dir='ltr'><strong><em>ἐνστάτης</em></strong></span> <span class='ocrx_word' id='word_1_15' title='bbox 857 637 875 707; x_wconf 87' lang='grc'>6</span> <span class='ocrx_word' id='word_1_16' title='bbox 901 642 938 708; x_wconf 81' lang='grc' dir='ltr'><strong>ἐκ</strong></span> <span class='ocrx_word' id='word_1_17' title='bbox 960 647 1000 730; x_wconf 76' lang='grc' dir='ltr'><strong><em>τῇ</em></strong></span> <span class='ocrx_word' id='word_1_18' title='bbox 1028 638 1099 732; x_wconf 75' lang='grc' dir='ltr'><strong>ὁδῷ</strong></span> <span class='ocrx_word' id='word_1_19' title='bbox 1132 639 1229 710; x_wconf 81' lang='grc' dir='ltr'><strong><em>ἄντι-</em></strong></span> 
     </span>
     <span class='ocr_line' id='line_1_4' title="bbox 111 739 1228 832; baseline 0 -20"><span class='ocrx_word' id='word_1_20' title='bbox 111 743 247 832; x_wconf 78' lang='grc' dir='ltr'><strong><em>στήκων</em></strong></span> <span class='ocrx_word' id='word_1_21' title='bbox 267 748 350 828; x_wconf 81' lang='grc' dir='ltr'><strong><em>τινί,</em></strong></span> <span class='ocrx_word' id='word_1_22' title='bbox 373 740 439 807; x_wconf 83' lang='grc' dir='ltr'><strong>κτὲ.</strong></span> <span class='ocrx_word' id='word_1_23' title='bbox 472 751 517 829; x_wconf 73' lang='lat' dir='ltr'><strong>(p.</strong></span> <span class='ocrx_word' id='word_1_24' title='bbox 543 745 619 831; x_wconf 84' lang='grc'>265)</span> <span class='ocrx_word' id='word_1_25' title='bbox 648 746 707 821; x_wconf 79' lang='grc' dir='ltr'><strong>[εἰς</strong></span> <span class='ocrx_word' id='word_1_26' title='bbox 729 740 766 810; x_wconf 82' lang='grc' dir='ltr'><strong><em>τὸ</em></strong></span> <span class='ocrx_word' id='word_1_27' title='bbox 789 740 883 828; x_wconf 83' lang='grc' dir='ltr'><strong><em>αὐτὸ]</em></strong></span> <span class='ocrx_word' id='word_1_28' title='bbox 914 743 1057 831; x_wconf 78' lang='grc' dir='ltr'><strong><em>ἐχθρόν,</em></strong></span> <span class='ocrx_word' id='word_1_29' title='bbox 1084 739 1228 812; x_wconf 80' lang='grc' dir='ltr'><strong><em>ἀντίτα-</em></strong></span> 
     </span>
     <span class='ocr_line' id='line_1_5' title="bbox 110 847 1228 936; baseline -0.002 -22"><span class='ocrx_word' id='word_1_30' title='bbox 110 855 181 914; x_wconf 75' lang='grc' dir='ltr'><strong>λον.</strong></span> <span class='ocrx_word' id='word_1_31' title='bbox 228 847 380 912; x_wconf 83' lang='lat' dir='ltr'>Scholion</span> <span class='ocrx_word' id='word_1_32' title='bbox 399 853 563 910; x_wconf 85' lang='lat' dir='ltr'><strong>vetustum</strong></span> <span class='ocrx_word' id='word_1_33' title='bbox 586 853 650 928; x_wconf 85' lang='lat' dir='ltr'><strong>est,</strong></span> <span class='ocrx_word' id='word_1_34' title='bbox 672 848 765 910; x_wconf 89' lang='lat' dir='ltr'><strong>cuius</strong></span> <span class='ocrx_word' id='word_1_35' title='bbox 787 849 876 934; x_wconf 88' lang='lat' dir='ltr'><strong>prior</strong></span> <span class='ocrx_word' id='word_1_36' title='bbox 897 870 973 936; x_wconf 87' lang='lat' dir='ltr'><strong>pars</strong></span> <span class='ocrx_word' id='word_1_37' title='bbox 991 848 1132 934; x_wconf 87' lang='lat' dir='ltr'><strong>Didymi</strong></span> <span class='ocrx_word' id='word_1_38' title='bbox 1153 863 1228 914; x_wconf 88' lang='lat' dir='ltr'><strong>con-</strong></span> 
     </span>
     <span class='ocr_line' id='line_1_6' title="bbox 109 947 1226 1037; baseline -0.001 -23"><span class='ocrx_word' id='word_1_39' title='bbox 109 952 214 1016; x_wconf 87' lang='lat' dir='ltr'><strong>tinere</strong></span> <span class='ocrx_word' id='word_1_40' title='bbox 251 948 502 1034; x_wconf 82' lang='lat' dir='ltr'><strong>explicationem</strong></span> <span class='ocrx_word' id='word_1_41' title='bbox 543 947 689 1030; x_wconf 88' lang='lat' dir='ltr'><strong>videtur,</strong></span> <span class='ocrx_word' id='word_1_42' title='bbox 730 947 931 1037; x_wconf 85' lang='lat' dir='ltr'>(Hesychius</span> <span class='ocrx_word' id='word_1_43' title='bbox 963 953 1049 1016; x_wconf 88' lang='lat' dir='ltr'><strong>enim</strong></span> <span class='ocrx_word' id='word_1_44' title='bbox 1084 950 1100 1014; x_wconf 99' lang='grc' dir='ltr'>Ι</span> <span class='ocrx_word' id='word_1_45' title='bbox 1144 953 1226 1014; x_wconf 93' lang='grc'>1257</span> 
     </span>
     <span class='ocr_line' id='line_1_7' title="bbox 111 1041 1226 1137; baseline 0 -21"><span class='ocrx_word' id='word_1_46' title='bbox 111 1048 315 1134; x_wconf 80' lang='grc' dir='ltr'><strong><em>ἐνστάτης</em></strong></span> <span class='ocrx_word' id='word_1_47' title='bbox 339 1048 571 1134; x_wconf 86' lang='lat' dir='ltr'><strong>interpretatur</strong></span> <span class='ocrx_word' id='word_1_48' title='bbox 596 1041 718 1132; x_wconf 77' lang='grc' dir='ltr'><strong><em>ἐχθρὸς</em></strong></span> <span class='ocrx_word' id='word_1_49' title='bbox 740 1046 955 1134; x_wconf 78' lang='grc' dir='ltr'><strong><em>ἐνιστάμενος</em></strong></span> <span class='ocrx_word' id='word_1_50' title='bbox 982 1051 1037 1117; x_wconf 77' lang='grc' dir='ltr'><strong>καὶ</strong></span> <span class='ocrx_word' id='word_1_51' title='bbox 1064 1049 1110 1137; x_wconf 82' lang='grc' dir='ltr'><strong>μὴ</strong></span> <span class='ocrx_word' id='word_1_52' title='bbox 1141 1048 1226 1116; x_wconf 84' lang='grc' dir='ltr'><strong><em>ἀνα-</em></strong></span> 
     </span>
     <span class='ocr_line' id='line_1_8' title="bbox 108 1137 1226 1241; baseline 0.002 -25"><span class='ocrx_word' id='word_1_53' title='bbox 108 1154 242 1236; x_wconf 76' lang='grc' dir='ltr'><strong><em>χωρῶν)</em></strong></span> <span class='ocrx_word' id='word_1_54' title='bbox 278 1156 441 1240; x_wconf 82' lang='lat' dir='ltr'>posterior</span> <span class='ocrx_word' id='word_1_55' title='bbox 468 1148 722 1236; x_wconf 82' lang='lat' dir='ltr'><strong>Aristophanem</strong></span> <span class='ocrx_word' id='word_1_56' title='bbox 749 1173 928 1236; x_wconf 79' lang='lat' dir='ltr'><strong>agnoscere</strong></span> <span class='ocrx_word' id='word_1_57' title='bbox 956 1163 1126 1239; x_wconf 88' lang='lat' dir='ltr'><strong>parentem</strong></span> <span class='ocrx_word' id='word_1_58' title='bbox 1161 1137 1226 1241; x_wconf 63' lang='lat' dir='ltr'><strong>⁸(cf.</strong></span> 
     </span>
     <span class='ocr_line' id='line_1_9' title="bbox 109 1251 1227 1344; baseline 0.003 -27"><span class='ocrx_word' id='word_1_59' title='bbox 109 1254 212 1326; x_wconf 86' lang='lat' dir='ltr'><strong>Orum</strong></span> <span class='ocrx_word' id='word_1_60' title='bbox 234 1263 275 1318; x_wconf 85' lang='lat' dir='ltr'><strong>et.</strong></span> <span class='ocrx_word' id='word_1_61' title='bbox 298 1277 341 1320; x_wconf 90' lang='lat' dir='ltr'><strong>m.</strong></span> <span class='ocrx_word' id='word_1_62' title='bbox 364 1279 396 1342; x_wconf 90' lang='lat' dir='ltr'><strong>p.</strong></span> <span class='ocrx_word' id='word_1_63' title='bbox 413 1257 489 1344; x_wconf 95' lang='grc'>625)</span> <span class='ocrx_word' id='word_1_64' title='bbox 511 1254 552 1320; x_wconf 88' lang='lat' dir='ltr'><strong>ab</strong></span> <span class='ocrx_word' id='word_1_65' title='bbox 576 1254 646 1338; x_wconf 88' lang='lat' dir='ltr'><strong>ipso</strong></span> <span class='ocrx_word' id='word_1_66' title='bbox 661 1251 806 1339; x_wconf 88' lang='lat' dir='ltr'><strong>Didymo</strong></span> <span class='ocrx_word' id='word_1_67' title='bbox 829 1255 973 1320; x_wconf 82' lang='lat' dir='ltr'><strong>citatum.</strong></span> <span class='ocrx_word' id='word_1_68' title='bbox 1017 1256 1058 1320; x_wconf 91' lang='lat' dir='ltr'><strong>V.</strong></span> <span class='ocrx_word' id='word_1_69' title='bbox 1083 1255 1129 1320; x_wconf 91' lang='lat' dir='ltr'><strong>M.</strong></span> <span class='ocrx_word' id='word_1_70' title='bbox 1151 1256 1227 1320; x_wconf 93' lang='lat' dir='ltr'><strong>Dit-</strong></span> 
     </span>
     <span class='ocr_line' id='line_1_10' title="bbox 109 1352 1227 1442; baseline 0.002 -22"><span class='ocrx_word' id='word_1_71' title='bbox 109 1356 204 1420; x_wconf 87' lang='lat' dir='ltr'><strong>trich.</strong></span> <span class='ocrx_word' id='word_1_72' title='bbox 227 1358 260 1419; x_wconf 93' lang='lat' dir='ltr'><strong>in</strong></span> <span class='ocrx_word' id='word_1_73' title='bbox 280 1355 484 1423; x_wconf 86' lang='lat' dir='ltr'><strong>Schneidew.</strong></span> <span class='ocrx_word' id='word_1_74' title='bbox 507 1352 624 1421; x_wconf 90' lang='lat' dir='ltr'><strong>Philol.</strong></span> <span class='ocrx_word' id='word_1_75' title='bbox 649 1354 665 1418; x_wconf 95' lang='lat' dir='ltr'>I</span> <span class='ocrx_word' id='word_1_76' title='bbox 688 1378 720 1442; x_wconf 89' lang='lat' dir='ltr'><strong>p.</strong></span> <span class='ocrx_word' id='word_1_77' title='bbox 744 1357 806 1420; x_wconf 92' lang='grc'><strong>226</strong></span> <span class='ocrx_word' id='word_1_78' title='bbox 827 1380 859 1420; x_wconf 91' lang='lat' dir='ltr'><strong>n.</strong></span> <span class='ocrx_word' id='word_1_79' title='bbox 903 1357 945 1422; x_wconf 89' lang='lat' dir='ltr'><strong>A.</strong></span> <span class='ocrx_word' id='word_1_80' title='bbox 967 1357 1097 1423; x_wconf 83' lang='lat' dir='ltr'><strong>Nauck.</strong></span> <span class='ocrx_word' id='word_1_81' title='bbox 1120 1358 1227 1423; x_wconf 85' lang='lat' dir='ltr'><strong>Arist.</strong></span> 
     </span>
     <span class='ocr_line' id='line_1_11' title="bbox 110 1449 806 1544; baseline 0.001 -23"><span class='ocrx_word' id='word_1_82' title='bbox 110 1458 193 1543; x_wconf 82' lang='lat' dir='ltr'><strong>Byz.</strong></span> <span class='ocrx_word' id='word_1_83' title='bbox 216 1467 250 1544; x_wconf 78' lang='lat' dir='ltr'><strong>p.</strong></span> <span class='ocrx_word' id='word_1_84' title='bbox 274 1460 347 1522; x_wconf 86' lang='grc'>233.</span> <span class='ocrx_word' id='word_1_85' title='bbox 370 1463 399 1522; x_wconf 92' lang='grc'><strong>4.</strong></span> <span class='ocrx_word' id='word_1_86' title='bbox 803 1449 806 1454; x_wconf 57' lang='grc'><strong>’</strong></span> 
     </span>
    </p>

    <p class='ocr_par' dir='ltr' id='par_1_3' title="bbox 111 1553 1229 1952">
     <span class='ocr_line' id='line_1_12' title="bbox 196 1553 1228 1651; baseline 0.004 -27"><span class='ocrx_word' id='word_1_87' title='bbox 196 1561 236 1625; x_wconf 88' lang='lat' dir='ltr'><strong>V.</strong></span> <span class='ocrx_word' id='word_1_88' title='bbox 276 1564 334 1634; x_wconf 81' lang='lat'><strong>119</strong></span> <span class='ocrx_word' id='word_1_89' title='bbox 362 1553 725 1642; x_wconf 76' lang='grc' dir='ltr'><strong><em>προυνούστεροςι</em></strong></span> <span class='ocrx_word' id='word_1_90' title='bbox 763 1560 818 1625; x_wconf 87' lang='grc' dir='ltr'><strong>καὶ</strong></span> <span class='ocrx_word' id='word_1_91' title='bbox 847 1560 924 1646; x_wconf 86' lang='lat' dir='ltr'><strong>(om.</strong></span> <span class='ocrx_word' id='word_1_92' title='bbox 955 1562 996 1626; x_wconf 85' lang='lat' dir='ltr'><strong>R.</strong></span> <span class='ocrx_word' id='word_1_93' title='bbox 1032 1562 1106 1651; x_wconf 89' lang='lat' dir='ltr'><strong>Br.)</strong></span> <span class='ocrx_word' id='word_1_94' title='bbox 1144 1586 1228 1648; x_wconf 83' lang='grc' dir='ltr'><strong><em>τρο-</em></strong></span> 
     </span>
     <span class='ocr_line' id='line_1_13' title="bbox 111 1655 1228 1748; baseline 0.002 -22"><span class='ocrx_word' id='word_1_95' title='bbox 111 1664 204 1738; x_wconf 84' lang='grc' dir='ltr'><strong><em>νοίας</em></strong></span> <span class='ocrx_word' id='word_1_96' title='bbox 235 1664 364 1746; x_wconf 75' lang='grc' dir='ltr'><strong><em>μᾶλλον</em></strong></span> <span class='ocrx_word' id='word_1_97' title='bbox 401 1655 568 1743; x_wconf 80' lang='grc' dir='ltr'><strong><em>ἐχόμενος.</em></strong></span> <span class='ocrx_word' id='word_1_98' title='bbox 625 1660 719 1727; x_wconf 88' lang='lat' dir='ltr'><strong>Phot.</strong></span> <span class='ocrx_word' id='word_1_99' title='bbox 756 1665 818 1725; x_wconf 94' lang='grc'><strong>465</strong></span> <span class='ocrx_word' id='word_1_100' title='bbox 851 1666 888 1726; x_wconf 88' lang='grc'><strong>17</strong></span> <span class='ocrx_word' id='word_1_101' title='bbox 933 1660 1228 1748; x_wconf 84' lang='grc' dir='ltr'><strong><em>ιτροννούστερος·</em></strong></span> 
     </span>
     <span class='ocr_line' id='line_1_14' title="bbox 111 1756 1229 1852; baseline 0.003 -24"><span class='ocrx_word' id='word_1_102' title='bbox 111 1757 186 1828; x_wconf 83' lang='grc' dir='ltr'><strong><em>ἀντὶ</em></strong></span> <span class='ocrx_word' id='word_1_103' title='bbox 215 1766 277 1828; x_wconf 81' lang='grc' dir='ltr'><strong><em>τοῦ</em></strong></span> <span class='ocrx_word' id='word_1_104' title='bbox 309 1756 627 1844; x_wconf 75' lang='grc' dir='ltr'><strong><em>τρονοητικώτερος.</em></strong></span> <span class='ocrx_word' id='word_1_105' title='bbox 680 1767 862 1849; x_wconf 75' lang='grc' dir='ltr'><strong><em>Σοφοκλῆς</em></strong></span> <span class='ocrx_word' id='word_1_106' title='bbox 894 1764 980 1852; x_wconf 88' lang='lat' dir='ltr'><strong>(co&#39;d.</strong></span> <span class='ocrx_word' id='word_1_107' title='bbox 1011 1765 1153 1832; x_wconf 82' lang='lat' dir='ltr'><strong>Galean.</strong></span> <span class='ocrx_word' id='word_1_108' title='bbox 1184 1806 1229 1818; x_wconf 90' lang='lat'><em>-</em></span> 
     </span>
     <span class='ocr_line' id='line_1_15' title="bbox 111 1862 740 1952; baseline 0 -23"><span class='ocrx_word' id='word_1_109' title='bbox 111 1867 195 1947; x_wconf 86' lang='grc' dir='ltr'><strong><em>έριος</em></strong></span> <span class='ocrx_word' id='word_1_110' title='bbox 213 1864 291 1952; x_wconf 84' lang='lat' dir='ltr'><strong>bis).</strong></span> <span class='ocrx_word' id='word_1_111' title='bbox 313 1862 501 1950; x_wconf 77' lang='lat' dir='ltr'><strong>Hesychius</strong></span> <span class='ocrx_word' id='word_1_112' title='bbox 522 1885 588 1928; x_wconf 92' lang='lat' dir='ltr'><strong>non</strong></span> <span class='ocrx_word' id='word_1_113' title='bbox 606 1867 740 1951; x_wconf 89' lang='lat' dir='ltr'><strong>recepit.</strong></span> 
     </span>
    </p>

    <p class='ocr_par' dir='ltr' id='par_1_4' title="bbox 111 1966 1265 2460">
     <span class='ocr_line' id='line_1_16' title="bbox 195 1966 1229 2054; baseline 0.004 -24"><span class='ocrx_word' id='word_1_114' title='bbox 195 1966 249 2030; x_wconf 92' lang='lat' dir='ltr'><strong>Ad</strong></span> <span class='ocrx_word' id='word_1_115' title='bbox 282 1990 313 2031; x_wconf 87' lang='lat' dir='ltr'><strong>v.</strong></span> <span class='ocrx_word' id='word_1_116' title='bbox 347 1971 404 2033; x_wconf 90' lang='grc'><strong>172</strong></span> <span class='ocrx_word' id='word_1_117' title='bbox 436 1975 583 2054; x_wconf 87' lang='lat' dir='ltr'><strong>spectant</strong></span> <span class='ocrx_word' id='word_1_118' title='bbox 608 1967 753 2053; x_wconf 86' lang='lat' dir='ltr'><strong>Hesych.</strong></span> <span class='ocrx_word' id='word_1_119' title='bbox 787 1966 822 2030; x_wconf 99' lang='grc' dir='ltr'><strong>ΙΙ</strong></span> <span class='ocrx_word' id='word_1_120' title='bbox 858 1969 936 2030; x_wconf 90' lang='grc'>1352</span> <span class='ocrx_word' id='word_1_121' title='bbox 967 1966 1097 2052; x_wconf 84' lang='lat' dir='ltr'><strong>glossae</strong></span> <span class='ocrx_word' id='word_1_122' title='bbox 1125 1973 1229 2034; x_wconf 88' lang='grc' dir='ltr'><strong><em>Ταυ-</em></strong></span> 
     </span>
     <span class='ocr_line' id='line_1_17' title="bbox 112 2061 1230 2154; baseline 0.002 -20"><span class='ocrx_word' id='word_1_123' title='bbox 112 2065 302 2151; x_wconf 65' lang='lat' dir='ltr'><strong>poeotes·</strong></span> <span class='ocrx_word' id='word_1_124' title='bbox 323 2063 512 2154; x_wconf 73' lang='grc' dir='ltr'><strong><em>ἡἍρτεμις</em></strong></span> <span class='ocrx_word' id='word_1_125' title='bbox 533 2069 588 2144; x_wconf 80' lang='grc' dir='ltr'><strong>καὶ</strong></span> <span class='ocrx_word' id='word_1_126' title='bbox 610 2063 630 2152; x_wconf 76' lang='grc' dir='ltr'><strong>ι)</strong></span> <span class='ocrx_word' id='word_1_127' title='bbox 651 2063 788 2152; x_wconf 78' lang='grc' dir='ltr'><strong>Ἀθηνᾶ.</strong></span> <span class='ocrx_word' id='word_1_128' title='bbox 837 2065 1002 2151; x_wconf 68' lang='grc' dir='ltr'><strong><em>Τανροὶ·</em></strong></span> <span class='ocrx_word' id='word_1_129' title='bbox 1025 2061 1046 2153; x_wconf 82' lang='grc' dir='ltr'><em>ἡ</em></span> <span class='ocrx_word' id='word_1_130' title='bbox 1069 2070 1107 2136; x_wconf 83' lang='grc' dir='ltr'><strong>ἐν</strong></span> <span class='ocrx_word' id='word_1_131' title='bbox 1134 2067 1230 2136; x_wconf 84' lang='grc' dir='ltr'><strong><em>Ταύ-</em></strong></span> 
     </span>
     <span class='ocr_line' id='line_1_18' title="bbox 111 2163 1265 2257; baseline 0.005 -23"><span class='ocrx_word' id='word_1_132' title='bbox 111 2163 359 2257; x_wconf 71' lang='grc' dir='ltr'><strong><em>ροιςἍρτεμις.</em></strong></span> <span class='ocrx_word' id='word_1_133' title='bbox 453 2229 455 2234; x_wconf 98' lang='grc'>.</span> <span class='ocrx_word' id='word_1_134' title='bbox 1263 2179 1265 2182; x_wconf 75' lang='grc'><strong>’</strong></span> 
     </span>
     <span class='ocr_line' id='line_1_19' title="bbox 126 2267 1230 2360; baseline 0.004 -24"><span class='ocrx_word' id='word_1_135' title='bbox 126 2293 131 2357; x_wconf 65' lang='lat' dir='ltr'>j</span> <span class='ocrx_word' id='word_1_136' title='bbox 196 2272 236 2336; x_wconf 91' lang='lat' dir='ltr'><strong>V.</strong></span> <span class='ocrx_word' id='word_1_137' title='bbox 272 2276 333 2338; x_wconf 89' lang='grc'><strong>220</strong></span> <span class='ocrx_word' id='word_1_138' title='bbox 373 2271 606 2359; x_wconf 73' lang='grc' dir='ltr'><strong><em>χρηστήρια</em></strong></span> <span class='ocrx_word' id='word_1_139' title='bbox 636 2273 681 2360; x_wconf 76' lang='lat' dir='ltr'><strong>(p.</strong></span> <span class='ocrx_word' id='word_1_140' title='bbox 713 2274 789 2359; x_wconf 90' lang='grc'>217)</span> <span class='ocrx_word' id='word_1_141' title='bbox 818 2309 857 2320; x_wconf 83' lang='lat'><strong>-—</strong></span> <span class='ocrx_word' id='word_1_142' title='bbox 883 2274 982 2356; x_wconf 71' lang='grc' dir='ltr'><strong><em>δηλοῖ</em></strong></span> <span class='ocrx_word' id='word_1_143' title='bbox 1008 2271 1045 2340; x_wconf 75' lang='grc' dir='ltr'><strong>δὲ</strong></span> <span class='ocrx_word' id='word_1_144' title='bbox 1078 2267 1099 2357; x_wconf 77' lang='grc' dir='ltr'><em>ἡ</em></span> <span class='ocrx_word' id='word_1_145' title='bbox 1141 2272 1230 2353; x_wconf 77' lang='grc' dir='ltr'><strong><em>λέξις</em></strong></span> 
     </span>
     <span class='ocr_line' id='line_1_20' title="bbox 112 2368 1229 2460; baseline 0.004 -22"><span class='ocrx_word' id='word_1_146' title='bbox 112 2373 167 2439; x_wconf 87' lang='grc' dir='ltr'><strong>καὶ</strong></span> <span class='ocrx_word' id='word_1_147' title='bbox 189 2369 226 2439; x_wconf 83' lang='grc' dir='ltr'><strong><em>τὰ</em></strong></span> <span class='ocrx_word' id='word_1_148' title='bbox 250 2388 454 2458; x_wconf 83' lang='grc' dir='ltr'><strong><em>μαντεῖον</em></strong></span> <span class='ocrx_word' id='word_1_149' title='bbox 482 2375 538 2441; x_wconf 84' lang='grc' dir='ltr'><strong>καὶ</strong></span> <span class='ocrx_word' id='word_1_150' title='bbox 564 2370 625 2442; x_wconf 81' lang='grc' dir='ltr'><strong><em>τὸν</em></strong></span> <span class='ocrx_word' id='word_1_151' title='bbox 650 2368 801 2457; x_wconf 81' lang='grc' dir='ltr'><strong><em>χρησμὸν</em></strong></span> <span class='ocrx_word' id='word_1_152' title='bbox 821 2371 876 2438; x_wconf 86' lang='grc' dir='ltr'><strong>καὶ</strong></span> <span class='ocrx_word' id='word_1_153' title='bbox 898 2369 935 2439; x_wconf 82' lang='grc' dir='ltr'><strong><em>τὰ</em></strong></span> <span class='ocrx_word' id='word_1_154' title='bbox 958 2375 1090 2460; x_wconf 75' lang='grc' dir='ltr'><strong>ἱερεῖον.</strong></span> <span class='ocrx_word' id='word_1_155' title='bbox 1134 2376 1229 2442; x_wconf 87' lang='lat' dir='ltr'><strong>Haec</strong></span> 
     </span>
    </p>
   </div>
   <div class='ocr_carea' id='block_1_3' title="bbox 111 2465 1229 3170">
    <p class='ocr_par' dir='ltr' id='par_1_5' title="bbox 111 2465 1229 2663">
     <span class='ocr_line' id='line_1_21' title="bbox 114 2465 1229 2564; baseline 0.004 -26"><span class='ocrx_word' id='word_1_156' title='bbox 114 2479 273 2560; x_wconf 87' lang='lat' dir='ltr'><strong>etragico</strong></span> <span class='ocrx_word' id='word_1_157' title='bbox 289 2477 397 2542; x_wconf 86' lang='lat' dir='ltr'><strong>lexico</strong></span> <span class='ocrx_word' id='word_1_158' title='bbox 416 2465 680 2562; x_wconf 80' lang='lat' dir='ltr'><strong>transscripsisse</strong></span> <span class='ocrx_word' id='word_1_159' title='bbox 697 2477 756 2540; x_wconf 87' lang='lat' dir='ltr'><strong>int.</strong></span> <span class='ocrx_word' id='word_1_160' title='bbox 777 2475 877 2540; x_wconf 91' lang='lat' dir='ltr'><strong>Laur.</strong></span> <span class='ocrx_word' id='word_1_161' title='bbox 901 2479 1057 2564; x_wconf 85' lang='lat' dir='ltr'><strong>suspicor,</strong></span> <span class='ocrx_word' id='word_1_162' title='bbox 1080 2479 1170 2544; x_wconf 88' lang='lat' dir='ltr'><strong>unde</strong></span> <span class='ocrx_word' id='word_1_163' title='bbox 1194 2481 1229 2542; x_wconf 90' lang='lat' dir='ltr'><strong>in</strong></span> 
     </span>
     <span class='ocr_line' id='line_1_22' title="bbox 111 2576 1129 2663; baseline 0.003 -23"><span class='ocrx_word' id='word_1_164' title='bbox 111 2576 315 2662; x_wconf 84' lang='lat' dir='ltr'><strong>Hesychium</strong></span> <span class='ocrx_word' id='word_1_165' title='bbox 338 2580 373 2644; x_wconf 95' lang='grc' dir='ltr'><strong>ΙΙ</strong></span> <span class='ocrx_word' id='word_1_166' title='bbox 398 2584 477 2644; x_wconf 90' lang='grc'>1565</span> <span class='ocrx_word' id='word_1_167' title='bbox 502 2579 605 2646; x_wconf 90' lang='lat' dir='ltr'><strong>solum</strong></span> <span class='ocrx_word' id='word_1_168' title='bbox 627 2589 786 2662; x_wconf 83' lang='grc' dir='ltr'><strong><em>μαντεῖον</em></strong></span> <span class='ocrx_word' id='word_1_169' title='bbox 802 2580 1061 2663; x_wconf 82' lang='lat' dir='ltr'><strong>transmigravit.</strong></span> <span class='ocrx_word' id='word_1_170' title='bbox 1126 2637 1129 2643; x_wconf 89' lang='lat'><strong>.</strong></span> 
     </span>
    </p>

    <p class='ocr_par' dir='ltr' id='par_1_6' title="bbox 112 2675 1228 3170">
     <span class='ocr_line' id='line_1_23' title="bbox 197 2675 1228 2765; baseline 0.006 -23"><span class='ocrx_word' id='word_1_171' title='bbox 197 2679 237 2742; x_wconf 93' lang='lat' dir='ltr'><strong>V.</strong></span> <span class='ocrx_word' id='word_1_172' title='bbox 280 2683 342 2745; x_wconf 86' lang='grc'>308</span> <span class='ocrx_word' id='word_1_173' title='bbox 392 2680 588 2765; x_wconf 77' lang='grc' dir='ltr'><strong><em>ἐριτίοιςε</em></strong></span> <span class='ocrx_word' id='word_1_174' title='bbox 621 2716 664 2730; x_wconf 87' lang='lat'><strong>-—</strong></span> <span class='ocrx_word' id='word_1_175' title='bbox 697 2677 733 2743; x_wconf 81' lang='grc' dir='ltr'><strong>ἐν</strong></span> <span class='ocrx_word' id='word_1_176' title='bbox 764 2691 833 2755; x_wconf 82' lang='grc' dir='ltr'><strong><em>τοῖς</em></strong></span> <span class='ocrx_word' id='word_1_177' title='bbox 858 2675 1010 2763; x_wconf 71' lang='grc' dir='ltr'><strong><em>πτώμασι</em></strong></span> <span class='ocrx_word' id='word_1_178' title='bbox 1041 2719 1084 2732; x_wconf 86' lang='lat'>-</span> <span class='ocrx_word' id='word_1_179' title='bbox 1114 2679 1228 2749; x_wconf 76' lang='grc' dir='ltr'><strong><em>πάντα</em></strong></span> 
     </span>
     <span class='ocr_line' id='line_1_24' title="bbox 112 2775 1227 2870; baseline 0.007 -28"><span class='ocrx_word' id='word_1_180' title='bbox 112 2775 177 2862; x_wconf 77' lang='grc' dir='ltr'><strong>γὰρ</strong></span> <span class='ocrx_word' id='word_1_181' title='bbox 200 2775 238 2843; x_wconf 78' lang='grc' dir='ltr'><strong><em>τὰ</em></strong></span> <span class='ocrx_word' id='word_1_182' title='bbox 262 2779 317 2845; x_wconf 77' lang='grc' dir='ltr'><strong>ἐπὶ</strong></span> <span class='ocrx_word' id='word_1_183' title='bbox 339 2779 401 2868; x_wconf 78' lang='grc' dir='ltr'><strong><em>τὴν</em></strong></span> <span class='ocrx_word' id='word_1_184' title='bbox 418 2785 499 2866; x_wconf 76' lang='grc' dir='ltr'><strong><em>ἐραν</em></strong></span> <span class='ocrx_word' id='word_1_185' title='bbox 516 2784 679 2846; x_wconf 79' lang='grc' dir='ltr'><strong><em>πίπτοντα</em></strong></span> <span class='ocrx_word' id='word_1_186' title='bbox 693 2780 804 2863; x_wconf 75' lang='grc' dir='ltr'><strong><em>ἐρίτια</em></strong></span> <span class='ocrx_word' id='word_1_187' title='bbox 825 2781 968 2867; x_wconf 81' lang='grc' dir='ltr'><strong><em>(ἐρείπια</em></strong></span> <span class='ocrx_word' id='word_1_188' title='bbox 981 2782 1053 2870; x_wconf 91' lang='lat' dir='ltr'><strong>Br.)</strong></span> <span class='ocrx_word' id='word_1_189' title='bbox 1077 2789 1227 2852; x_wconf 75' lang='grc' dir='ltr'><strong><em>καλοῦν-</em></strong></span> 
     </span>
     <span class='ocr_line' id='line_1_25' title="bbox 112 2881 1227 2972; baseline 0.007 -28"><span class='ocrx_word' id='word_1_190' title='bbox 112 2904 175 2946; x_wconf 90' lang='grc' dir='ltr'><strong><em>ται.</em></strong></span> <span class='ocrx_word' id='word_1_191' title='bbox 210 2881 265 2946; x_wconf 78' lang='grc' dir='ltr'><strong>καὶ</strong></span> <span class='ocrx_word' id='word_1_192' title='bbox 288 2884 325 2946; x_wconf 79' lang='grc' dir='ltr'><strong>αἱ</strong></span> <span class='ocrx_word' id='word_1_193' title='bbox 342 2883 436 2969; x_wconf 78' lang='grc' dir='ltr'><strong><em>ῥιπαὶ</em></strong></span> <span class='ocrx_word' id='word_1_194' title='bbox 456 2884 534 2970; x_wconf 83' lang='lat' dir='ltr'><strong>(leg.</strong></span> <span class='ocrx_word' id='word_1_195' title='bbox 557 2881 700 2965; x_wconf 78' lang='grc' dir='ltr'><strong><em>ἐριτναὶ,</em></strong></span> <span class='ocrx_word' id='word_1_196' title='bbox 724 2882 789 2946; x_wconf 89' lang='lat' dir='ltr'><strong>vid.</strong></span> <span class='ocrx_word' id='word_1_197' title='bbox 813 2883 962 2949; x_wconf 84' lang='lat' dir='ltr'><strong>Eustath.</strong></span> <span class='ocrx_word' id='word_1_198' title='bbox 984 2886 1074 2967; x_wconf 83' lang='lat'><strong>1280,</strong></span> <span class='ocrx_word' id='word_1_199' title='bbox 1095 2887 1152 2972; x_wconf 91' lang='grc'><strong>33)</strong></span> <span class='ocrx_word' id='word_1_200' title='bbox 1176 2885 1227 2952; x_wconf 84' lang='grc' dir='ltr'><strong>ἐν·</strong></span> 
     </span>
     <span class='ocr_line' id='line_1_26' title="bbox 112 2978 1225 3074; baseline 0.006 -29"><span class='ocrx_word' id='word_1_201' title='bbox 112 2985 224 3062; x_wconf 56' lang='lat' dir='ltr'><strong>saddoc</strong></span> <span class='ocrx_word' id='word_1_202' title='bbox 247 2981 424 3069; x_wconf 79' lang='grc' dir='ltr'><strong><em>(ἐντεῦθεν</em></strong></span> <span class='ocrx_word' id='word_1_203' title='bbox 447 2978 492 3060; x_wconf 77' lang='grc' dir='ltr'><strong>ὡς</strong></span> <span class='ocrx_word' id='word_1_204' title='bbox 513 2984 568 3048; x_wconf 92' lang='lat' dir='ltr'><strong>Br.</strong></span> <span class='ocrx_word' id='word_1_205' title='bbox 588 2983 644 3070; x_wconf 82' lang='lat' dir='ltr'><strong>R.)</strong></span> <span class='ocrx_word' id='word_1_206' title='bbox 668 2982 723 3050; x_wconf 86' lang='grc' dir='ltr'><strong>καὶ</strong></span> <span class='ocrx_word' id='word_1_207' title='bbox 746 2981 786 3050; x_wconf 79' lang='grc' dir='ltr'><strong><em>τοὶ</em></strong></span> <span class='ocrx_word' id='word_1_208' title='bbox 807 2984 928 3066; x_wconf 84' lang='grc' dir='ltr'><strong><em>ἐρίτια.</em></strong></span> <span class='ocrx_word' id='word_1_209' title='bbox 953 2985 999 3072; x_wconf 89' lang='lat' dir='ltr'><strong>(p.</strong></span> <span class='ocrx_word' id='word_1_210' title='bbox 1020 2988 1109 3074; x_wconf 89' lang='grc'>223).</span> <span class='ocrx_word' id='word_1_211' title='bbox 1144 2989 1225 3054; x_wconf 88' lang='lat' dir='ltr'><strong>Hes.</strong></span> 
     </span>
     <span class='ocr_line' id='line_1_27' title="bbox 112 3079 1226 3170; baseline 0.002 -19"><span class='ocrx_word' id='word_1_212' title='bbox 112 3087 129 3151; x_wconf 94' lang='grc' dir='ltr'>Ι</span> <span class='ocrx_word' id='word_1_213' title='bbox 154 3090 233 3152; x_wconf 91' lang='grc'>1432</span> <span class='ocrx_word' id='word_1_214' title='bbox 258 3087 382 3168; x_wconf 87' lang='grc' dir='ltr'><strong><em>ἑρίττια·</em></strong></span> <span class='ocrx_word' id='word_1_215' title='bbox 412 3084 466 3149; x_wconf 78' lang='grc' dir='ltr'><strong>καὶ</strong></span> <span class='ocrx_word' id='word_1_216' title='bbox 495 3079 535 3148; x_wconf 79' lang='grc' dir='ltr'><strong><em>τὰ</em></strong></span> <span class='ocrx_word' id='word_1_217' title='bbox 555 3084 610 3149; x_wconf 80' lang='grc' dir='ltr'><strong>ἐπὶ</strong></span> <span class='ocrx_word' id='word_1_218' title='bbox 630 3081 692 3168; x_wconf 80' lang='grc' dir='ltr'><strong><em>τὴν</em></strong></span> <span class='ocrx_word' id='word_1_219' title='bbox 714 3087 795 3170; x_wconf 81' lang='grc' dir='ltr'><strong><em>ἔρον</em></strong></span> <span class='ocrx_word' id='word_1_220' title='bbox 817 3086 1057 3152; x_wconf 78' lang='grc' dir='ltr'><strong><em>καταπεσόντα.</em></strong></span> <span class='ocrx_word' id='word_1_221' title='bbox 1102 3088 1119 3152; x_wconf 99' lang='grc' dir='ltr'>Ι</span> <span class='ocrx_word' id='word_1_222' title='bbox 1145 3092 1226 3155; x_wconf 88' lang='grc'>1432</span> 
     </span>
    </p>
   </div>
   <div class='ocr_carea' id='block_1_4' title="bbox 112 3182 1227 3680">
    <p class='ocr_par' dir='ltr' id='par_1_7' title="bbox 112 3182 1225 3375">
     <span class='ocr_line' id='line_1_28' title="bbox 113 3182 1225 3278; baseline 0.003 -26"><span class='ocrx_word' id='word_1_223' title='bbox 113 3187 285 3270; x_wconf 78' lang='grc' dir='ltr'><strong><em>ἐρίτιον</em></strong></span> <span class='ocrx_word' id='word_1_224' title='bbox 314 3227 357 3240; x_wconf 84' lang='grc'><strong><em>-</em></strong></span> <span class='ocrx_word' id='word_1_225' title='bbox 378 3182 399 3270; x_wconf 76' lang='grc' dir='ltr'><em>ἢ</em></span> <span class='ocrx_word' id='word_1_226' title='bbox 424 3190 551 3270; x_wconf 76' lang='grc' dir='ltr'><strong><em>πταῖμα.</em></strong></span> <span class='ocrx_word' id='word_1_227' title='bbox 586 3186 638 3250; x_wconf 79' lang='lat' dir='ltr'><strong>Of.</strong></span> <span class='ocrx_word' id='word_1_228' title='bbox 662 3187 741 3252; x_wconf 87' lang='lat' dir='ltr'><strong>Eur.</strong></span> <span class='ocrx_word' id='word_1_229' title='bbox 763 3187 860 3272; x_wconf 81' lang='lat' dir='ltr'><strong>Auge</strong></span> <span class='ocrx_word' id='word_1_230' title='bbox 890 3189 930 3253; x_wconf 83' lang='lat' dir='ltr'><strong>fr.</strong></span> <span class='ocrx_word' id='word_1_231' title='bbox 953 3188 1007 3252; x_wconf 95' lang='grc' dir='ltr'><strong>ΙΙΙ</strong></span> <span class='ocrx_word' id='word_1_232' title='bbox 1029 3191 1081 3256; x_wconf 90' lang='lat' dir='ltr'><strong>ed.</strong></span> <span class='ocrx_word' id='word_1_233' title='bbox 1103 3191 1225 3278; x_wconf 81' lang='lat' dir='ltr'><strong>Wagn.</strong></span> 
     </span>
     <span class='ocr_line' id='line_1_29' title="bbox 112 3288 966 3375; baseline 0.001 -22"><span class='ocrx_word' id='word_1_234' title='bbox 112 3291 165 3354; x_wconf 91' lang='lat' dir='ltr'><strong>De</strong></span> <span class='ocrx_word' id='word_1_235' title='bbox 184 3316 215 3355; x_wconf 93' lang='lat' dir='ltr'><strong>v.</strong></span> <span class='ocrx_word' id='word_1_236' title='bbox 238 3291 357 3375; x_wconf 82' lang='grc' dir='ltr'><strong><em>ἐρείττω</em></strong></span> <span class='ocrx_word' id='word_1_237' title='bbox 380 3290 464 3353; x_wconf 88' lang='lat' dir='ltr'><strong>dixit</strong></span> <span class='ocrx_word' id='word_1_238' title='bbox 484 3288 648 3374; x_wconf 86' lang='lat' dir='ltr'><strong>Didymus</strong></span> <span class='ocrx_word' id='word_1_239' title='bbox 669 3290 703 3352; x_wconf 90' lang='lat' dir='ltr'><strong>in</strong></span> <span class='ocrx_word' id='word_1_240' title='bbox 719 3288 966 3374; x_wconf 85' lang='lat' dir='ltr'><strong>orthographia.</strong></span> 
     </span>
    </p>

    <p class='ocr_par' dir='ltr' id='par_1_8' title="bbox 112 3384 1227 3680">
     <span class='ocr_line' id='line_1_30' title="bbox 198 3384 1226 3477; baseline 0.002 -21"><span class='ocrx_word' id='word_1_241' title='bbox 198 3394 237 3456; x_wconf 94' lang='lat' dir='ltr'><strong>V.</strong></span> <span class='ocrx_word' id='word_1_242' title='bbox 272 3395 344 3456; x_wconf 85' lang='lat'><strong>369.</strong></span> <span class='ocrx_word' id='word_1_243' title='bbox 396 3414 427 3477; x_wconf 91' lang='lat' dir='ltr'><strong>p.</strong></span> <span class='ocrx_word' id='word_1_244' title='bbox 462 3391 523 3452; x_wconf 83' lang='grc'><strong>229</strong></span> <span class='ocrx_word' id='word_1_245' title='bbox 557 3385 762 3474; x_wconf 70' lang='grc' dir='ltr'><strong><em>ἄψορρονε</em></strong></span> <span class='ocrx_word' id='word_1_246' title='bbox 792 3384 1058 3474; x_wconf 77' lang='grc' dir='ltr'><strong><em>ὀπισθόρμητον.</em></strong></span> <span class='ocrx_word' id='word_1_247' title='bbox 1100 3393 1226 3458; x_wconf 86' lang='lat' dir='ltr'><strong>Eadem</strong></span> 
     </span>
     <span class='ocr_line' id='line_1_31' title="bbox 112 3487 1227 3581; baseline 0.001 -25"><span class='ocrx_word' id='word_1_248' title='bbox 112 3494 257 3581; x_wconf 89' lang='lat' dir='ltr'><strong>Hesych.</strong></span> <span class='ocrx_word' id='word_1_249' title='bbox 294 3494 309 3556; x_wconf 96' lang='lat' dir='ltr'><strong>l</strong></span> <span class='ocrx_word' id='word_1_250' title='bbox 340 3495 412 3556; x_wconf 90' lang='grc'>667.</span> <span class='ocrx_word' id='word_1_251' title='bbox 468 3491 583 3555; x_wconf 85' lang='lat' dir='ltr'><strong>Altera</strong></span> <span class='ocrx_word' id='word_1_252' title='bbox 620 3489 731 3576; x_wconf 84' lang='lat' dir='ltr'><strong>glossa</strong></span> <span class='ocrx_word' id='word_1_253' title='bbox 769 3487 976 3575; x_wconf 72' lang='grc' dir='ltr'><strong><em>ἄψορρον·</em></strong></span> <span class='ocrx_word' id='word_1_254' title='bbox 1014 3493 1227 3580; x_wconf 82' lang='grc' dir='ltr'><strong><em>τ’ταιῑινόρμη-</em></strong></span> 
     </span>
     <span class='ocr_line' id='line_1_32' title="bbox 112 3589 1226 3680; baseline 0.001 -20"><span class='ocrx_word' id='word_1_255' title='bbox 112 3619 172 3661; x_wconf 88' lang='grc' dir='ltr'><strong><em>τον</em></strong></span> <span class='ocrx_word' id='word_1_256' title='bbox 201 3595 233 3673; x_wconf 82' lang='grc' dir='ltr'><strong>ἐξ</strong></span> <span class='ocrx_word' id='word_1_257' title='bbox 265 3589 483 3678; x_wconf 78' lang='grc' dir='ltr'><strong><em>ὑποστροφῆς</em></strong></span> <span class='ocrx_word' id='word_1_258' title='bbox 514 3594 655 3680; x_wconf 87' lang='lat' dir='ltr'><strong>pertinet</strong></span> <span class='ocrx_word' id='word_1_259' title='bbox 685 3594 727 3658; x_wconf 87' lang='lat' dir='ltr'><strong>ad</strong></span> <span class='ocrx_word' id='word_1_260' title='bbox 757 3593 796 3658; x_wconf 95' lang='lat' dir='ltr'><strong>Il.</strong></span> <span class='ocrx_word' id='word_1_261' title='bbox 830 3595 863 3658; x_wconf 96' lang='lat' dir='ltr'><strong>H</strong></span> <span class='ocrx_word' id='word_1_262' title='bbox 901 3598 979 3679; x_wconf 83' lang='grc'>431,</span> <span class='ocrx_word' id='word_1_263' title='bbox 1009 3596 1052 3660; x_wconf 88' lang='lat' dir='ltr'><strong>cf.</strong></span> <span class='ocrx_word' id='word_1_264' title='bbox 1087 3602 1124 3661; x_wconf 91' lang='grc' dir='ltr'><em>Π</em></span> <span class='ocrx_word' id='word_1_265' title='bbox 1154 3600 1226 3661; x_wconf 89' lang='grc'>375.</span> 
     </span>
    </p>
   </div>
   <div class='ocr_carea' id='block_1_5' title="bbox 110 3797 1228 4387">
    <p class='ocr_par' dir='ltr' id='par_1_9' title="bbox 110 3797 1228 4387">
     <span class='ocr_line' id='line_1_33' title="bbox 112 3797 1227 3869; baseline 0.002 -16"><span class='ocrx_word' id='word_1_266' title='bbox 112 3830 145 3842; x_wconf 84' lang='lat'><em>-</em></span> <span class='ocrx_word' id='word_1_267' title='bbox 162 3802 254 3869; x_wconf 84' lang='lat' dir='ltr'><strong>Lydos</strong></span> <span class='ocrx_word' id='word_1_268' title='bbox 272 3803 389 3869; x_wconf 82' lang='lat' dir='ltr'><strong>piratam</strong></span> <span class='ocrx_word' id='word_1_269' title='bbox 408 3797 508 3865; x_wconf 78' lang='grc' dir='ltr'><strong><em>τεμοῦν</em></strong></span> <span class='ocrx_word' id='word_1_270' title='bbox 534 3815 648 3851; x_wconf 85' lang='lat' dir='ltr'><strong>vocasse</strong></span> <span class='ocrx_word' id='word_1_271' title='bbox 677 3803 755 3852; x_wconf 86' lang='lat' dir='ltr'><strong>testis</strong></span> <span class='ocrx_word' id='word_1_272' title='bbox 784 3809 826 3854; x_wconf 88' lang='lat' dir='ltr'><strong>est</strong></span> <span class='ocrx_word' id='word_1_273' title='bbox 845 3804 965 3868; x_wconf 85' lang='lat' dir='ltr'><strong>Hesych.</strong></span> <span class='ocrx_word' id='word_1_274' title='bbox 995 3804 1033 3854; x_wconf 93' lang='lat' dir='ltr'><strong>II.</strong></span> <span class='ocrx_word' id='word_1_275' title='bbox 1066 3804 1135 3856; x_wconf 88' lang='grc'>1356</span> <span class='ocrx_word' id='word_1_276' title='bbox 1169 3805 1227 3855; x_wconf 84' lang='grc' dir='ltr'><strong>Τε-</strong></span> 
     </span>
     <span class='ocr_line' id='line_1_34' title="bbox 110 3879 1228 3958; baseline 0.004 -20"><span class='ocrx_word' id='word_1_277' title='bbox 110 3885 218 3958; x_wconf 75' lang='grc' dir='ltr'><strong><em>μο.ὖν’</em></strong></span> <span class='ocrx_word' id='word_1_278' title='bbox 244 3885 335 3937; x_wconf 75' lang='grc' dir='ltr'><strong><em>Λυδοὶ</em></strong></span> <span class='ocrx_word' id='word_1_279' title='bbox 363 3879 413 3940; x_wconf 80' lang='grc' dir='ltr'><strong><em>τὸν</em></strong></span> <span class='ocrx_word' id='word_1_280' title='bbox 432 3881 547 3954; x_wconf 75' lang='grc' dir='ltr'><strong><em>λῃστήν.</em></strong></span> <span class='ocrx_word' id='word_1_281' title='bbox 590 3887 669 3950; x_wconf 82' lang='lat' dir='ltr'><strong>Quod</strong></span> <span class='ocrx_word' id='word_1_282' title='bbox 691 3887 743 3956; x_wconf 77' lang='lat' dir='ltr'><strong>fide</strong></span> <span class='ocrx_word' id='word_1_283' title='bbox 767 3895 850 3940; x_wconf 83' lang='lat' dir='ltr'><strong>caret.</strong></span> <span class='ocrx_word' id='word_1_284' title='bbox 887 3890 1032 3942; x_wconf 87' lang='lat' dir='ltr'><strong>Probabile</strong></span> <span class='ocrx_word' id='word_1_285' title='bbox 1050 3892 1142 3956; x_wconf 86' lang='lat' dir='ltr'><strong>potius</strong></span> <span class='ocrx_word' id='word_1_286' title='bbox 1161 3893 1228 3942; x_wconf 76' lang='lat' dir='ltr'><strong>iacit</strong></span> 
     </span>
     <span class='ocr_line' id='line_1_35' title="bbox 110 3970 1228 4045; baseline 0.002 -19"><span class='ocrx_word' id='word_1_287' title='bbox 110 3975 215 4028; x_wconf 85' lang='lat' dir='ltr'><strong>Herod.</strong></span> <span class='ocrx_word' id='word_1_288' title='bbox 232 3973 297 4026; x_wconf 88' lang='lat' dir='ltr'><strong>dict.</strong></span> <span class='ocrx_word' id='word_1_289' title='bbox 317 3974 367 4025; x_wconf 88' lang='lat' dir='ltr'><strong>sol.</strong></span> <span class='ocrx_word' id='word_1_290' title='bbox 389 3975 430 4036; x_wconf 87' lang='grc'>14,</span> <span class='ocrx_word' id='word_1_291' title='bbox 449 3976 493 4026; x_wconf 86' lang='grc'><strong>26.</strong></span> <span class='ocrx_word' id='word_1_292' title='bbox 514 3976 555 4038; x_wconf 89' lang='grc'>15,</span> <span class='ocrx_word' id='word_1_293' title='bbox 577 3978 588 4026; x_wconf 95' lang='lat' dir='ltr'><strong>l</strong></span> <span class='ocrx_word' id='word_1_294' title='bbox 608 3970 692 4038; x_wconf 76' lang='grc' dir='ltr'><strong>μλοῦς</strong></span> <span class='ocrx_word' id='word_1_295' title='bbox 713 3975 786 4039; x_wconf 79' lang='lat' dir='ltr'><strong>apud</strong></span> <span class='ocrx_word' id='word_1_296' title='bbox 803 3977 895 4042; x_wconf 87' lang='lat' dir='ltr'><strong>Lydos</strong></span> <span class='ocrx_word' id='word_1_297' title='bbox 920 3978 991 4028; x_wconf 86' lang='lat' dir='ltr'><strong>idem</strong></span> <span class='ocrx_word' id='word_1_298' title='bbox 1016 3982 1099 4042; x_wconf 83' lang='lat' dir='ltr'><strong>etque</strong></span> <span class='ocrx_word' id='word_1_299' title='bbox 1124 3972 1228 4045; x_wconf 75' lang='grc' dir='ltr'><strong><em>λῃστής</em></strong></span> 
     </span>
     <span class='ocr_line' id='line_1_36' title="bbox 111 4061 1228 4130; baseline 0.004 -18"><span class='ocrx_word' id='word_1_300' title='bbox 111 4062 245 4124; x_wconf 84' lang='lat' dir='ltr'><strong>valuisse,</strong></span> <span class='ocrx_word' id='word_1_301' title='bbox 265 4062 305 4111; x_wconf 85' lang='lat' dir='ltr'><strong>itu</strong></span> <span class='ocrx_word' id='word_1_302' title='bbox 323 4066 354 4112; x_wconf 90' lang='lat' dir='ltr'><strong>ut</strong></span> <span class='ocrx_word' id='word_1_303' title='bbox 372 4061 461 4110; x_wconf 89' lang='lat' dir='ltr'><strong>minus</strong></span> <span class='ocrx_word' id='word_1_304' title='bbox 479 4065 553 4111; x_wconf 87' lang='lat' dir='ltr'><strong>recte</strong></span> <span class='ocrx_word' id='word_1_305' title='bbox 571 4061 700 4112; x_wconf 89' lang='lat' dir='ltr'><strong>Lehrsius</strong></span> <span class='ocrx_word' id='word_1_306' title='bbox 718 4078 745 4125; x_wconf 92' lang='lat' dir='ltr'><strong>p.</strong></span> <span class='ocrx_word' id='word_1_307' title='bbox 766 4064 808 4113; x_wconf 90' lang='grc'><strong>45.</strong></span> <span class='ocrx_word' id='word_1_308' title='bbox 828 4066 862 4114; x_wconf 84' lang='grc'><strong>47</strong></span> <span class='ocrx_word' id='word_1_309' title='bbox 876 4080 969 4130; x_wconf 89' lang='lat' dir='ltr'><strong>vocem</strong></span> <span class='ocrx_word' id='word_1_310' title='bbox 981 4064 1061 4114; x_wconf 87' lang='lat' dir='ltr'><strong>litera</strong></span> <span class='ocrx_word' id='word_1_311' title='bbox 1075 4067 1228 4117; x_wconf 84' lang='lat' dir='ltr'><strong>maiuscula</strong></span> 
     </span>
     <span class='ocr_line' id='line_1_37' title="bbox 111 4148 1225 4217; baseline 0.004 -17"><span class='ocrx_word' id='word_1_312' title='bbox 111 4149 276 4208; x_wconf 68' lang='lat' dir='ltr'><strong>exarandam</strong></span> <span class='ocrx_word' id='word_1_313' title='bbox 301 4148 438 4198; x_wconf 83' lang='lat' dir='ltr'><strong>curaverit</strong></span> <span class='ocrx_word' id='word_1_314' title='bbox 468 4149 603 4200; x_wconf 84' lang='lat' dir='ltr'><strong>adnotans</strong></span> <span class='ocrx_word' id='word_1_315' title='bbox 635 4148 763 4214; x_wconf 78' lang='lat' dir='ltr'><strong>‘piratam</strong></span> <span class='ocrx_word' id='word_1_316' title='bbox 787 4150 903 4214; x_wconf 89' lang='lat' dir='ltr'><strong>aliquem</strong></span> <span class='ocrx_word' id='word_1_317' title='bbox 930 4151 1084 4217; x_wconf 82' lang='lat' dir='ltr'><strong>significare</strong></span> <span class='ocrx_word' id='word_1_318' title='bbox 1108 4153 1225 4204; x_wconf 88' lang='lat' dir='ltr'><strong>videtur.</strong></span> 
     </span>
     <span class='ocr_line' id='line_1_38' title="bbox 111 4232 1228 4306; baseline 0.003 -22"><span class='ocrx_word' id='word_1_319' title='bbox 111 4232 203 4292; x_wconf 75' lang='grc' dir='ltr'><strong><em>Γλονς</em></strong></span> <span class='ocrx_word' id='word_1_320' title='bbox 233 4235 358 4286; x_wconf 86' lang='lat' dir='ltr'><strong>Caricnm</strong></span> <span class='ocrx_word' id='word_1_321' title='bbox 387 4251 494 4286; x_wconf 87' lang='lat' dir='ltr'><strong>nomen.</strong></span> <span class='ocrx_word' id='word_1_322' title='bbox 531 4236 630 4286; x_wconf 81' lang='lat' dir='ltr'><strong>Athen.</strong></span> <span class='ocrx_word' id='word_1_323' title='bbox 659 4236 695 4286; x_wconf 94' lang='lat' dir='ltr'><strong>VI</strong></span> <span class='ocrx_word' id='word_1_324' title='bbox 720 4251 746 4300; x_wconf 88' lang='lat' dir='ltr'><strong>p.</strong></span> <span class='ocrx_word' id='word_1_325' title='bbox 772 4237 823 4288; x_wconf 84' lang='grc'><strong>256</strong></span> <span class='ocrx_word' id='word_1_326' title='bbox 841 4237 884 4290; x_wconf 86' lang='grc' dir='ltr'><strong>Ο.’</strong></span> <span class='ocrx_word' id='word_1_327' title='bbox 926 4237 1008 4302; x_wconf 84' lang='lat' dir='ltr'><strong>Vide,</strong></span> <span class='ocrx_word' id='word_1_328' title='bbox 1034 4241 1228 4306; x_wconf 72' lang='lat' dir='ltr'><strong>descripserit</strong></span> 
     </span>
     <span class='ocr_line' id='line_1_39' title="bbox 110 4319 501 4387; baseline 0.003 -16"><span class='ocrx_word' id='word_1_329' title='bbox 110 4321 265 4387; x_wconf 77' lang='lat' dir='ltr'><strong>Hesychius</strong></span> <span class='ocrx_word' id='word_1_330' title='bbox 284 4322 303 4373; x_wconf 92' lang='lat' dir='ltr'><strong>l.</strong></span> <span class='ocrx_word' id='word_1_331' title='bbox 323 4322 387 4374; x_wconf 81' lang='grc' dir='ltr'>1.τε</span> <span class='ocrx_word' id='word_1_332' title='bbox 406 4319 501 4386; x_wconf 75' lang='grc' dir='ltr'><strong>γλοιῑν.</strong></span> 
     </span>
    </p>
   </div>
   <div class='ocr_carea' id='block_1_6' title="bbox 0 0 1380 4890">
    <p class='ocr_par' dir='ltr' id='par_1_10' title="bbox 0 0 1380 4890">
     <span class='ocr_line' id='line_1_40' title="bbox 0 0 1380 4890; baseline 0 0"><span class='ocrx_word' id='word_1_333' title='bbox 0 0 1380 4890; x_wconf 95' lang='lat' dir='ltr'><strong> </strong></span> 
     </span>
    </p>
   </div>
  </div>
 </body>
</html>
