2812 4868
212 349 253 409 70

211 514 314 580 Arist.
326 535 358 599 p.
371 511 507 576 XXVII
520 517 553 576 et
565 510 665 578 schol.
685 512 729 578 ad
739 513 797 577 Ar.
812 511 888 575 Pac.
901 513 963 574 922
979 510 1045 595 (vel
1057 512 1164 597 potius
1177 510 1220 574 ad
1232 512 1319 592 924),

211 616 268 681 ubi
289 623 338 677 est
368 607 457 677 οὕτω
478 607 533 677 ded
556 615 618 677 τοῦ
639 618 658 678 λ
681 607 699 677 d
722 609 784 697 τὴν
806 607 957 694 κωμικὴν
976 611 1065 688 λέξιν
1086 608 1216 693 γράψας
1238 604 1320 676 άνα·

212 711 408 799 γιγνώσκει,
440 724 509 778 tum
533 713 612 778 alibi
635 736 733 801 saepe
754 718 788 778 in
812 713 943 778 scholiis
965 713 1230 798 Aristophaneis,
1263 712 1321 778 ubi

212 815 266 882 vel
284 818 471 882 nominatur
492 817 657 904 Didymus
679 815 732 882 vel
755 818 825 879 eius
847 815 1000 880 reticetur
1020 836 1153 897 nomen,
1182 814 1320 900 Didymi

211 919 340 983 lexicon
362 919 519 983 comicum
546 917 696 1004 intellegi
716 923 894 1003 oportere.'
940 915 1037 980 Certe
1057 916 1146 992 λέξιν
1169 914 1322 1000 κωμικην

155 1021 156 1026 ’
211 1021 397 1105 interpretis
425 1019 663 1105 Aristophanei.
685 1017 836 1082 manibus
860 1018 970 1080 tritam
992 1018 1031 1081 T.
1055 1016 1322 1081 Hemsterhusius

212 1120 255 1185 ad
285 1120 372 1184 Plut.
405 1142 438 1205 p.
459 1121 498 1182 98
533 1120 576 1183 ad
605 1118 813 1183 Palamedem
847 1118 1108 1202 onomatologum
1139 1115 1323 1181 Alexandri

213 1219 325 1285 Severi
347 1218 516 1307 aequalem
537 1219 660 1282 referre
682 1218 889 1305 maluitque
911 1217 952 1282 de
974 1219 1159 1306 nuperrime
1180 1217 1322 1303 disputa-

211 1329 330 1386 verunt
352 1320 392 1385 O.
416 1320 605 1384 Schneider.
625 1318 646 1383 l.
660 1342 687 1383 o.
711 1307 743 1406 p.
758 1323 797 1383 95
821 1321 891 1407 (qui
912 1323 952 1385 de
965 1319 1064 1384 schol.
1081 1320 1124 1384 ad
1132 1319 1256 1406 Vespp.
1276 1321 1323 1383 uti

211 1429 340 1507 poterat
364 1420 478 1485 Reisk.
503 1421 545 1485 ad
568 1420 738 1486 Constant.
758 1422 917 1508 Porphyr.
942 1422 982 1487 de
1001 1443 1161 1486 ceremon.
1182 1429 1206 1485 t.
1229 1420 1264 1485 ΙΙ
1290 1443 1321 1506 p·

212 1526 273 1587 504
296 1523 346 1586 ed.
364 1522 486 1608 Bonn.)
508 1521 651 1586 Meinek.
668 1531 791 1610 quaest.
814 1545 900 1587 soen.
915 1523 968 1586 ΙΙΙ
985 1548 1016 1610 p.
1032 1526 1050 1586 6
1065 1521 1211 1586 Boeckh.
1226 1522 1320 1585 Pind.

212 1634 289 1688 tom.
303 1623 337 1686 ΙΙ
349 1646 381 1708 p.
390 1622 478 1687 XIX
489 1623 529 1687 Ο.
543 1622 636 1687 Iahn.
650 1623 727 1687 diss.
742 1624 782 1688 de
794 1622 969 1690 Palamede
981 1648 1012 1711 p.
1027 1627 1067 1687 58
1080 1647 1169 1711 seqq.
1186 1625 1320 1709 (Hamb.

217 1717 306 1788 1836.
336 1726 382 1809 8.)
418 1732 449 1787 et
479 1725 572 1809 epist.
601 1724 643 1788 ad
668 1724 814 1788 Nitzsch.
845 1726 879 1788 in
910 1726 1038 1790 Ztschr.
1071 1727 1094 1792 f.
1123 1726 1191 1791 Alt.
1220 1727 1321 1792 Wiss.

146 1825 150 1834 '
216 1827 290 1887 1841
318 1848 350 1890 n.
374 1827 412 1889 29
431 1849 462 1912 p.
487 1826 555 1888 168.
602 1825 684 1889 Rem
706 1835 824 1912 tamen,
848 1828 888 1893 de
911 1851 976 1914 qua
997 1831 1134 1913 agimus,
1157 1830 1192 1893 in
1215 1829 1321 1893 medio

212 1925 423 2012 reliquenrnt.
468 1925 521 1989 Ab
546 1925 794 1992 Hemsterhusio
817 1929 1003 1994 Meinekius
1030 1929 1051 1993 l.
1074 1953 1102 1994 c.
1129 1953 1161 2016 p.
1181 1936 1200 1994 7
1230 1933 1265 1994 in
1285 1953 1322 1995 eo

213 2027 367 2110 discedit,
398 2027 485 2113 quod
506 2029 539 2091 in
563 2027 663 2092 schol.
679 2029 722 2093 ad
744 2028 830 2094 Plut.
855 2033 915 2096 313
949 2031 1038 2107 λεἘιν
1061 2028 1215 2114 κωμικὴν
1236 2028 1323 2115 σάμ-

213 2150 331 2210 μικτον
353 2127 529 2215 intellegit,
562 2151 659 2216 quam
686 2130 787 2194 schol.
815 2133 857 2196 ad
879 2133 941 2219 Ap.
965 2130 1027 2195 Rh.
1052 2131 1099 2195 IV
1118 2135 1185 2197 973
1215 2155 1250 2198 se
1275 2134 1321 2198 in-

213 2231 361 2317 spexisse
382 2240 504 2294 narrat.

718 2320 758 2380 34
781 2340 810 2382 a.

298 2431 391 2512 Quae
415 2432 592 2498 scholiasta
612 2434 780 2519 Apollonii
798 2435 830 2500 h.
853 2437 875 2500 l.
898 2435 1039 2522 profert,
1066 2434 1147 2508 haec
1169 2445 1261 2502 sunt:
1287 2431 1322 2502 ‘0

213 2530 250 2601 δὲ
270 2528 463 2616 ὀρείχαλκος
489 2529 576 2610 εἶδος
602 2535 663 2618 μέν
694 2535 762 2600 ἐστι
790 2540 926 2619 χαλκοῦ.
972 2531 1164 2620 ὠνόμασται
1193 2537 1229 2602 δὲ
1254 2534 1319 2604 άπὸ

210 2631 343 2718 Ὠρείον
365 2633 456 2713 τινὸς
484 2629 626 2719 εὑρετοῦ
651 2636 845 2721 γενομένου.
889 2629 1172 2722 Ἀριστοτέληςδὲ
1195 2636 1233 2702 έν
1258 2644 1321 2704 Τε-

212 2737 414 2821 λετιιῑςμηὸὲ
436 2730 601 2820 ὑπάρχειν
622 2735 704 2821 φησὶ
724 2734 761 2804 τὸ
781 2734 897 2824 ὄνομα,
920 2725 1004 2824 μηδὲ
1026 2738 1062 2805 τὸ
1081 2736 1206 2805 τούτου
1222 2737 1319 2818 εἶδος.

212 2833 272 2902 τὸν
293 2834 358 2921 γάρ
380 2833 587 2921 ὀρείχαλκον,
615 2843 729 2924 φησίν,
753 2841 837 2906 ἔνιοι
860 2835 1139 2926 ὑπολαμβάνουσι
1163 2843 1321 2925 λέγεσθαι
1396 2863 1397 2866 ’

212 2939 290 3022 μέν,
322 2933 367 3021 μὴ
400 2934 485 3004 εἶναι
517 2939 564 3004 δέ.
620 2943 696 3004 Tniv
736 2944 808 3025 εἰκῆ
840 2943 1088 3027 διαδεδομένων
1106 2941 1176 3008 καὶ
1209 2937 1324 3010 votivo.

213 3038 432 3122 Μνημονεύει
456 3039 493 3105 δὲ
522 3036 627 3105 αὐτοῦ
649 3041 705 3106 καὶ
726 3045 932 3126 Στησίχορος
958 3048 1014 3111 καὶ
1034 3047 1243 3128 Βακχυλίδης
1266 3046 1320 3112 καὶ

209 3135 453 3225 Ἀριστοφάνης
476 3136 494 3208 ὁ
521 3137 749 3228 γραμματικὸς
771 3143 1029 3229 ἐπισημαίνεται.
1077 3148 1122 3213 Ol
1141 3145 1178 3212 dl
1201 3143 1321 3233 άνδρι-

212 3245 396 3308 αντοιτοιοῦ
426 3244 585 3327 λέγουσιν
613 3241 739 3330 ὄνομα,
776 3240 821 3323 cic
846 3247 1027 3332 Σωκράτης
1061 3249 1096 3333 (l
1125 3243 1143 3314 ὁ
1174 3248 1320 3334 Κράτης)

171 3431 174 3438 ¹
212 3344 267 3410 nal
278 3340 477 3428 Θεόπομπος
499 3344 536 3410 έν
557 3351 604 3411 λε.
651 3340 769 3424 Οὕτως
792 3335 856 3412 οὖν
875 3353 1003 3435 κωμικῇ
1026 3350 1110 3428 λέξει
1133 3355 1173 3436 τῇ
1195 3357 1320 3438 συμμί-

136 3493 140 3510 ,
212 3469 288 3534 τιτρι.
310 3446 349 3509 In
362 3445 475 3512 scholl.
491 3446 565 3512 edd.
577 3440 722 3531 Ὀρείον;
746 3458 819 3537 post
829 3451 929 3516 τοῦτο
941 3460 1081 3537 pergunt
1094 3454 1129 3524 ol
1136 3448 1202 3536 γάρ
1214 3460 1321 3520 πολυ-

212 3546 498 3631 κραγμονέστεροί
515 3564 620 3632 φασιν
638 3543 811 3633 ὑπάρχειν.
854 3555 1075 3635 ’σεσημείωται
1095 3558 1207 3618 τοῦτο.
1255 3551 1320 3620 Οὕ-

212 3672 275 3725 τως
293 3638 335 3731 ἦν
362 3647 460 3735 torp
488 3655 616 3737 κωμικῇ
637 3649 720 3728 λέξει
743 3655 783 3736 τῇ
809 3656 990 3738 σομμέκτω.
1036 3653 1100 3718 Pro
1131 3644 1196 3720 cdv
1217 3664 1255 3720 'et
1278 3646 1320 3739 ἦν

211 3750 349 3816 fortasse
368 3739 472 3834 εὗρον
492 3752 699 3817 scribendum
722 3753 778 3836 (cf.
797 3763 839 3818 et.
861 3777 904 3820 m.
928 3758 989 3820 572
1013 3787 1053 3814 2-
1076 3761 1154 3840 630,
1175 3759 1217 3820 52
1241 3757 1318 3822 Phi·

95 3917 98 3924 ,
210 3851 318 3938 lopon.
348 3852 485 3918 Hesiod.
514 3863 595 3918 scut.
627 3858 685 3918 115
716 3854 827 3919 Tacta.
858 3855 993 3921 Hesiod.
1031 3860 1089 3922 199
1114 3858 1136 3922 b
1164 3859 1316 3924 Bochart.

210 3953 333 4018 hieroz.
362 3954 413 4036 II,
445 3971 481 4016 VI
507 3977 535 4018 c.
569 3958 606 4019 16
632 3979 664 4041 p.
688 3958 766 4037 883,
796 3958 836 4020 32
860 3957 928 4021 Vit.
958 3956 1135 4024 Paneiroll.
1167 3981 1231 4024 rer.
1254 3982 1318 4024 me·

210 4054 333 4120 morab.
351 4055 367 4117 Ι
384 4078 416 4140 p.
438 4056 488 4120 26.
513 4055 597 4120 led.
617 4056 659 4121 H.
685 4055 843 4124 Salmuth.
868 4059 1006 4143 interpp.
1030 4057 1073 4121 ad
1096 4059 1224 4132 Gallim.
1249 4061 1313 4126 lav.

210 4153 293 4218 Pall.
326 4157 362 4218 19
390 4155 517 4221 Nauck.
545 4159 646 4223 Arist.
669 4159 752 4245 Byz.
782 4180 825 4246 p.
840 4162 925 4243 222).
981 4161 1051 4224 lam
1079 4160 1159 4226 mihi
1181 4162 1315 4227 evolvas

210 4255 411 4342 Hesychium
431 4257 467 4322 Il
489 4263 549 4322 777
580 4267 677 4345 atque
702 4261 851 4326 invenies
872 4261 970 4348 plane
992 4263 1139 4347 gemina,
1168 4265 1316 4350 quamvis
