2858 4882
1155 363 1217 426 403

648 523 678 584 9.

191 635 245 699 Et.
275 657 318 700 m.
352 638 473 718 645,2
506 629 683 719 ὄχεσφιν
704 677 747 689 —-
766 640 820 704 δεῖ
849 640 1068 728 γιγνώσκειν,
1097 639 1149 710 ὄτι
1179 644 1216 712 τὸ

105 731 248 820 ὄχεσφιν
269 735 325 802 καί
347 729 490 819 ὄρεσφιν
513 728 531 800 ὁ
554 733 617 819 μὲν
632 739 821 823 Δίδυμος
841 742 931 825 λέγει
949 744 1125 827 μεμονέναι
1148 741 1214 813 άκδ

104 843 162 922 τῆς
184 833 276 922 ὄχεσι
300 835 356 902 καί
380 830 475 920 ὄρεσι
500 838 635 922 δοτικῆς
659 843 728 904 τῶν
750 847 993 925 πληθυντικῶν
1019 842 1092 911 κατ’
1118 847 1217 914 ἐκέν-

105 947 204 1006 δεσιν
239 941 302 1004 τοῦ
335 961 372 1021 φ.
418 938 472 1004 Of.
504 939 623 1003 Zoner.
659 944 736 1004 1491
761 942 904 1010 Phavor.
939 946 999 1011 ecl.
1024 969 1056 1033 p.
1079 951 1155 1031 334,
1176 952 1216 1014 24

106 1041 239 1106 Velsen.
269 1041 311 1106 de
333 1040 457 1128 Tryph.
487 1065 518 1129 p.
542 1043 593 1106 52.
638 1041 800 1110 Pertinuit
826 1046 907 1112 haee
944 1048 1130 1114 observatio
1153 1050 1217 1115 for-

107 1151 194 1207 tasse
216 1141 259 1206 ad
280 1141 382 1222 libros
405 1140 482 1225 περὶ
504 1145 637 1208 τιαδῶν.

637 1315 676 1376 10

188 1429 343 1518 Apellen.
379 1428 489 1494 Bekk.
524 1427 662 1494 enecdd.
691 1429 825 1512 11569,
851 1433 889 1494 15
922 1419 1045 1498 ῶτῶν
1064 1458 1214 1519 -χεγε-

105 1533 231 1614 νῆσθαι
253 1527 290 1596 δὲ
320 1530 355 1594 οί
378 1527 440 1613 μὲν
459 1525 550 1613 παρὰ
573 1526 745 1614 ἑταιρικὴν
765 1529 979 1619 ἐκφῶνησιν,
1010 1527 1056 1612 ῶς
1081 1538 1217 1602 Δίδα-

106 1655 182 1715 μος
204 1633 287 1716 ἔφη,
315 1629 371 1697 καὶ
395 1627 649 1716 παραλαμβάνει
672 1626 755 1696 αὐτὸ
783 1625 873 1714 παρά
896 1627 932 1697 τδ
956 1635 1031 1718 ἔιης
1051 1632 1133 1719 μετὰ
1153 1662 1217 1722 μο-

107 1737 183 1816 ρίον
216 1737 278 1798 τοῦ
305 1756 331 1798 ω
364 1737 535 1817 κλητικοῶ.
582 1733 690 1799 Schol.
722 1733 765 1798 ed
798 1734 881 1799 Plat.
912 1736 997 1823 apol.
1021 1738 1112 1804 Socr.
1135 1721 1169 1823 Ι,
1189 1758 1216 1804 11

108 1839 177 1918 106,
197 1838 233 1898 13
252 1834 361 1901 Bekk.
383 1836 577 1918 Δίδυμος
597 1832 634 1898 δὲ
655 1830 692 1900 τὸ
716 1837 840 1918 πλῆρες
859 1829 947 1901 εἶναί
957 1828 1106 1921 φησινῶ
1128 1841 1217 1926 ἔταν,

105 1931 224 2020 άγνοεῐ
244 1929 289 2020 δ’,
313 1927 358 2013 ῶς
379 1931 444 2002 άτιό
466 1940 527 2002 τοῦ
549 1938 623 2019 ἒτης
644 1928 665 2018 ἡ
688 1930 825 2019 κλητική
847 1936 1007 2003 ἐστινέτα
1030 1939 1085 2005 καὶ
1101 1949 1217 2025 Δωρι-

105 2041 173 2114 κῶς
194 2039 282 2102 ἔσαν.
329 2038 381 2104 Of.
405 2037 496 2104 Suid.
517 2060 543 2102 s.
566 2058 598 2100 v.
629 2033 759 2100 Hellad.
786 2035 913 2102 Chrest.
936 2060 968 2124 p.
994 2044 1013 2104 6
1036 2040 1137 2105 schol.
1157 2043 1215 2107 Ar.

105 2139 192 2204 Plut.
227 2143 268 2204 66
297 2139 448 2205 Eustath.
469 2141 526 2222 24,
566 2142 615 2200 17.
659 2135 699 2199 L.
719 2133 959 2202 Doederleinus
981 2140 1016 2202 in
1039 2139 1215 2226 aphorism.

105 2227 242 2325 gremni.
265 2241 330 2306 lex.
354 2242 425 2305 erit.
449 2239 600 2328 (Erlang.
628 2238 717 2304 1848.
741 2237 787 2324 4.)
818 2225 859 2301 ῶ’
883 2242 945 2304 τῶν
970 2260 991 2302 a
1015 2241 1217 2306 nominativo

106 2337 221 2424 ἐτήεις,
241 2341 369 2407 Nauck.
383 2343 417 2406 in
430 2341 515 2407 Mus.
536 2340 687 2416 Rhenan.
707 2338 787 2403 1848
806 2361 838 2425 p.
856 2342 917 2404 343
937 2340 979 2406 ab
999 2326 1028 2404 ῶ
1048 2337 1152 2405 τάλαν
1164 2339 1217 2406 de-

106 2445 193 2508 rivat
223 2443 279 2530 (ef.
311 2442 391 2508 Hes.
426 2431 453 2508 ῶ
484 2463 551 2508 τιον
568 2428 658 2505 :ui
689 2437 823 2524 νείατον).
869 2438 921 2505 Of.
955 2443 996 2506 A.
1020 2439 1152 2507 Velsen.
1176 2442 1217 2507 de

107 2544 274 2632 Tryphon.
296 2568 329 2631 p.
348 2547 399 2608 49.
423 2547 474 2627 50,
496 2545 553 2632 qui
574 2545 609 2608 in
630 2539 822 2606 Philemone
842 2564 874 2628 p.
899 2542 962 2604 220
990 2563 1049 2629 pro
1069 2546 1217 2628 Δείναρ-

107 2669 164 2729 χος
185 2656 273 2712 reete
295 2645 432 2732 Didymi
453 2667 572 2710 nomen
593 2643 746 2709 restituit.
782 2641 912 2708 Ibidem
932 2665 992 2730 pro
1015 2638 1104 2725 παρά
1127 2647 1219 2728 Κτη·

108 2750 251 2831 σιφῶντι
273 2747 345 2829 fuit,
362 2747 398 2811 ni
413 2745 519 2828 fallor,
542 2742 752 2830 καράχρησιν
772 2746 953 2827 φιλοῦντες
972 2749 1029 2830 (=
1040 2743 1220 2830 παραχρῶ-

107 2849 229 2936 μενοι).
266 2847 389 2913 Contra
402 2848 554 2930 Δίδυμος
576 2846 702 2934 expulit
722 2848 854 2928 Δίομον
876 2846 910 2909 in
925 2845 1059 2911 Bechm.
1080 2846 1217 2912 aneedd.

108 2951 186 3032 285,
215 2952 250 3012 11
275 2949 555 3014 animadvertente
577 2941 723 3013 Prellero
746 2947 781 3010 in
803 2945 927 3028 Polem.
949 2970 982 3034 p.
1009 2951 1078 3014 117.
1123 2946 1218 3014 Alias

108 3051 308 3137 corruptelae
336 3050 481 3116 eiusdem
509 3051 651 3115 nominis
679 3070 777 3135 supra
803 3047 914 3133 attigi:
944 3049 1091 3133 δίδενσι,
1119 3049 1159 3115 δέ
1177 3073 1219 3134 με

107 3149 234 3235 θυμός,
257 3148 426 3236 ποταμόν,
448 3146 646 3235 Δάρδανος,
665 3150 846 3232 Πίνδαρος.
958 3161 961 3166 “

642 3321 689 3381 11.

194 3435 354 3503 Choerob.
376 3437 427 3502 ed.
450 3434 556 3501 eaisf.
580 3433 645 3500 vol.
669 3434 686 3497 Ι
705 3457 737 3520 p.
756 3435 812 3516 75,
834 3435 873 3497 20
896 3472 939 3484 —
957 3428 994 3496 τδ
1013 3433 1129 3516 μέντοι
1152 3436 1220 3500 Νί-

108 3540 178 3602 δων
204 3541 250 3626 τῷ
276 3532 365 3625 λόγῳ
392 3539 461 3602 τῶν
482 3537 667 3618 μετοχικῶν
695 3527 751 3597 διδι
780 3537 843 3598 τοῦ
868 3557 908 3599 ντ
928 3534 1034 3598 κλίνει
1056 3531 1220 3620 Κόριννα,

109 3632 183 3704 οἷον
202 3640 382 3714 Νέδονιος.
417 3637 452 3700 ολ
471 3635 508 3700 δὲ
529 3635 605 3720 περὶ
626 3636 819 3717 Δίδυμον
842 3631 897 3698 καὶ
915 3627 1060 3697 Ἀτίωνα
1082 3631 1137 3698 διά
1158 3641 1221 3700 τοῦ

108 3764 134 3804 ω
157 3739 333 3805 κλίνονσιν
353 3732 544 3821 άναλόμως,
569 3729 643 3802 οἷον
665 3735 825 3813 Νέδονος
855 3734 978 3821 (Bekk.
1007 3733 1144 3799 anecdd.
1168 3735 1221 3799 ΠΙ

133 3891 141 3906 .
167 3845 275 3906 1393.
1200 3857 1202 3862 ’

109 3865 130 3929 p
196 3843 306 4031 Steirh.
328 3942 409 4029 Byz.
430 3944 508 4022 471,
535 3943 571 4002 15
595 3940 741 4003 κλίνεται
760 3937 797 4003 δὲ
819 3935 1000 4013 Νέδοντος.
1045 3933 1156 3998 Tnetz.
1179 3931 1222 3997 ad

107 4044 272 4130 Lycophr.
302 4066 334 4108 v.
365 4046 427 4107 374
466 4040 557 4105 Ourt.
584 4038 764 4126 Peloponn.
794 4038 829 4100 II
858 4061 890 4124 p.
917 4041 976 4100 155
1003 4059 1073 4121 sqq.
1105 4057 1137 4119 p.
1162 4036 1221 4096 193

108 4169 140 4209 n.
165 4147 216 4209 32.
239 4184 282 4192 -
300 4139 507 4225 ῬΔιόδωρον
529 4143 584 4206 καί
604 4135 761 4222 Ἀνίωνα,
784 4140 827 4202 ef.
851 4137 1008 4202 Bitschel.
1029 4134 1126 4199 Alex.
1140 4133 1220 4198 bibl.

108 4245 141 4333 p.
169 4249 239 4310 ιιι.

948 4335 1014 4396 26*
