2858 4882
1142 372 1205 434 397

213 585 217 588 ,ι
635 540 662 600 1,
722 499 737 524 ¹

179 659 311 724 Helled.
332 680 384 745 ap.
406 658 501 721 Phot.
527 659 587 720 533
609 655 631 719 b
656 660 693 719 17
713 654 821 718 Bekk.
846 647 897 718 ὅτι
918 657 1100 737 παροιμίαν
1122 651 1210 720 εἶναί

94 781 177 848 φησι
199 756 259 826 τὸν
282 758 394 837 δεξιὸν
413 752 616 823 ὑποδεῖσθαι
639 753 737 840 πόδα,
757 751 818 820 τόν
834 750 867 820 δ’
891 751 1071 840 ἀριστερὸν
1092 762 1205 836 νίζειν.

94 865 177 949 φησί
199 859 263 946 γὰρ
286 855 490 944 ὁΠολέμων,
514 854 560 935 ὡς
581 869 723 942 ματυρεῑ
741 860 944 942 Δίδυμος,
967 858 1127 938 εδεξιὸν
1148 864 1209 939 είς

93 961 291 1046 ὑπόδημα
313 955 543 1042 ἀριστερὸν
566 963 624 1036 είς
648 956 944 1043 ποδάνιπτρα)

180 1061 681 1130 Of.Zen0b.11136B0dlei;
706 1062 776 1126 eod
799 1062 905 1126 Gaisf.
930 1065 991 1126 332
1010 1065 1100 1130 Suid.
1123 1067 1207 1131 Iam-

97 1169 194 1233 blieh.
221 1169 259 1230 12
287 1189 318 1252 p.
342 1168 404 1231 338
427 1164 570 1228 Kie'ssl)
604 1162 757 1226 Leumseh
781 1163 909 1226 Nauck.
933 1163 1026 1229 Ares
1013 1167 1102 1252 oph
1125 1168 1206 1254 Byz.

94 1295 126 1357 p.
151 1273 212 1334 236
232 1267 331 1332 Prell.
356 1267 478 1332 Polem.
501 1265 542 1328 fr.
568 1265 623 1328 CI.

637 1401 667 1462 2.

182 1522 305 1586 Zenob.
339 1521 374 1584 ll
408 1524 444 1584 31
483 1516 562 1606 (vol.
598 1517 615 1580 Ι
645 1539 676 1602 p.
696 1487 799 1579 411ι
829 1527 861 1581 et
884 1518 921 1604 S)¹
949 1513 1058 1606 αὐτῷ
1080 1525 1206 1607 κανῷ’

97 1619 182 1707 αὕτη
204 1623 353 1689 τάττεται
375 1618 458 1686 κατὰ
482 1625 549 1684 των
572 1613 681 1701 ἄρδην
697 1611 814 1683 ὁτιοῦν
837 1623 1101 1703 λυμαινομένων.
1127 1622 1209 1706 φησὶ

97 1725 161 1809 γὰρ
186 1720 203 1790 ὁ
227 1717 473 1806 Δίδυμος,”
453 1746 505 1790 οτι
526 1717 566 1785 τὰ
582 1724 701 1785 ὃειπνα
725 1718 778 1796 ἐπὶ
796 1725 911 1785 κανων
934 1721 1117 1808 ἐκομίζετο,
1147 1750 1209 1788 κα-

96 1826 208 1911 θάπερ
228 1827 265 1890 ἐν
272 1824 399 1945 ,Γρυψὶ
422 1824 510 1944 λεήει
537 1824 591 1888 καὶ
613 1821 772 1886 Πλατων

262 1920 473 2009 ἆνηρπακασ’
499 1919 709 2002 ἁπαξάπαντ’
734 1918 825 2012 αὐτῷ
848 1929 949 2012 κανῷ.
1041 1987 1042 1992 ,

181 2029 304 2114 Vulget
305 2051 357 2092 em
379 2029 416 2092 ἐν
438 2030 604 2109 Κρυψίοις
624 2026 753 2107 λέγεται
775 2049 857 2090 corr.
882 2028 1079 2092 Meinekiue
1117 2029 1209 2092 Idem

97 2131 307 2218 proverbium
342 2131 433 2195 illust
421 2139 508 2194 trent
543 2128 669 2193 Bodlei.
709 2132 767 2191 155
803 2128 902 2211 Diog.
942 2129 976 2191 Il
1007 2133 1047 2192 39
1088 2130 1136 2192 lV
1168 2135 1208 2194 68

98 2235 211 2318 Apost.
234 2233 282 2296 IV
303 2237 344 2297 97
366 2233 418 2296 IX
440 2236 476 2295 21
501 2232 576 2296 Ars.
595 2233 646 2293 85.
669 2231 741 2292 242.

183 2538 306 2602 Zenob.
326 2536 375 2600 IV
396 2539 435 2600 20
455 2535 485 2624 (l
505 2559 537 2622 p.
556 2536 611 2617 89)
635 2529 814 2619 ήἈμαία
837 2530 913 2618 τήν
932 2531 1118 2620 Ἀζησίαυ
1138 2563 1208 2622 με·

98 2643 270 2722 τήλθεν.
316 2640 443 2720 ίστορεί
468 2639 670 2723 Δίδυμος,
693 2635 746 2702 ὅτι
773 2633 888 2720 Ἀμαία
918 2636 980 2721 μὲν
1002 2634 1022 2721 ή
1044 2638 1207 2724 Δημήτηρ

101 2735 189 2822 παρὰ
212 2743 418 2824 Τροιζηνίοις
437 2738 739 2822 προσαγορεύεται,
756 2733 886 2823 Ἀζησία
908 2740 944 2804 δὲ
965 2735 986 2822 ἡ
1009 2738 1115 2824 Κόρη.
1142 2736 1205 2805 ἀπὸ

98 2845 184 2923 γοῦν
210 2845 267 2924 τής
294 2835 485 2923 ίστορίαςή
515 2846 674 2925 παροιμία
705 2840 869 2926 προήχθη.
920 2842 1049 2924 λέγεται
1064 2909 1068 2916 ,,
1085 2841 1121 2907 δὲ
1155 2843 1209 2908 ἐπὶ

99 2949 167 3007 τῶν
189 2946 399 3028 πολυχρονίῳ
422 2940 552 3024 ζητήσει
568 2933 759 3026 χρωμένων.
804 2942 1006 3033 Πλούτωνος
1029 2940 1093 3029 γὰρ
1117 2951 1208 3029 Περ-

101 3041 252 3127 σεφόνην
272 3038 485 3126 ἁρπάσαντος
509 3038 707 3128 ήΔημήτηρ
727 3039 792 3109 ἄνὰ
803 3049 916 3110 πᾶσαν
943 3043 1005 3129 τήν
1027 3051 1091 3130 μήν
1114 3070 1209 3130 περι-

99 3145 152 3232 ήει
170 3143 297 3228 ταύτην
316 3149 468 3228 ζητοῦσα.

184 3248 317 3313 Habent
348 3249 409 3313 hoe
434 3271 527 3337 prov.
555 3249 651 3314 Bodl.
675 3252 736 3313 478
765 3251 880 3336 Apost.
903 3250 938 3313 ΙΙ
963 3251 1003 3313 87
1026 3250 1146 3314 Arsen.
1166 3254 1209 3314 ,50

99 3350 264 3415 Plutarch.
288 3355 326 3413 41
343 3351 433 3416 Suid.
447 3347 616 3435 -Ἁμαία
627 3350 832 3416 Schneidew.
844 3373 903 3438 pro
922 3345 1020 3433 Ἀμία
1042 3360 1074 3415 et
1087 3345 1208 3434 ιιλμαῑα,

100 3453 249 3517 Mueller.
275 3455 309 3515 in
333 3452 454 3537 Aegin.
474 3477 507 3539 p.
529 3459 584 3517 171
617 3450 730 3536 Δαμία
751 3449 813 3536 τήν
834 3449 1016 3535 Αὐξησίαν.
1062 3453 1208 3519 Lobeek.

99 3554 333 3640 Aglaoph.822
345 3555 487 3619 conferri
500 3551 867 3641 iubetHesyeh.0lppelg.
893 3555 961 3617 llfr.
971 3553 1069 3617 Prell.
1079 3556 1208 3620 Demet.

98 3679 130 3718 υ.
150 3645 305 3741 Perseph.
329 3659 390 3720 325
409 3680 457 3744 sq.
502 3652 655 3740 ῬἉχαιά,
680 3679 743 3744 quo
766 3656 807 3720 de
829 3656 957 3726 Cereris
987 3658 1117 3719 nomine
1140 3657 1210 3720 dixi

101 3757 134 3819 in
157 3779 272 3821 comm.
296 3758 337 3823 de
358 3757 422 3823 lex.
447 3781 528 3823 com.
550 3782 582 3845 p.
607 3760 658 3822 80.

642 3882 672 3941 4.

159 3993 330 4079 Hesych.
357 3993 393 4056 II
417 3996 475 4057 481
502 3997 800 4078 Λιμοδωριεϊς·
828 3988 936 4072 οὕτως
958 3991 1151 4077 ἐκλήθησαν
1179 3994 1214 4057 ol

100 4088 166 4158 ιἰπό
183 4092 459 4179 Πελοποννήσου,
482 4090 625 4177 ἀφορίας
642 4103 786 4181 χαλεπής
808 4097 1077 4180 ἕκεϊχενομένης.
1110 4091 1211 4160 ἀποιέ

102 4196 277 4272 κισθέντες
305 4193 360 4260 ὃιίι
386 4195 512 4282 ταύτην
541 4194 602 4281 τήν
633 4203 741 4262 αίτίαν
768 4199 821 4263 καί
855 4202 1104 4272 κατοικίσαντες
1134 4196 1210 4277 περὶ

94 4292 211 4360 Ῥόδον
239 4298 293 4363 καί
325 4302 462 4364 Κνίδον.
513 4303 702 4384 Δίδυμος
735 4301 770 4365 δὲ
800 4296 878 4376 τούς
907 4299 982 4378 περὶ
1011 4295 1073 4381 τήν
1103 4304 1208 4383 Οίτην
