2858 4882
1151 380 1213 442 379

103 537 243 630 σιακων,
269 548 334 610 nisi
356 547 532 632 suspicaris
554 546 686 631 plenum
708 545 784 611 libri
806 546 948 610 indicem
970 545 1071 609 fuisse
1090 541 1215 628 σύμμι-

102 674 163 715 κτα
187 643 419 732 συμποσιακά,
441 646 714 734 quemadmodum
733 646 925 712 Aristoxeni
943 646 1112 710 Tarentini
1131 646 1214 711 liber

105 751 282 836 inscriptus
313 747 376 811 fuit
397 743 566 830 σύμμικτοι
589 746 789 832 συμποτικοί.
841 747 993 812 Ceterum
1020 748 1140 812 adeant
1160 771 1211 814 ve-

104 853 162 916 lim
194 851 334 914 lectores
368 848 448 912 diss.
481 859 627 914 nostram
660 852 701 915 de
730 850 875 937 Didymo
905 850 922 912 Ι
957 853 975 911 5
1007 871 1039 934 p.
1070 853 1125 931 71,
1156 850 1214 914 ubi

105 954 324 1017 coniecturam
370 971 553 1036 proponere
591 973 689 1016 ausus
730 974 800 1015 sum
838 953 872 1014 in
910 950 1010 1015 schol.
1047 950 1111 1036 Ap.
1150 951 1212 1016 Rh.

104 1055 152 1119 IV
180 1056 242 1117 973
268 1050 445 1136 legendum
473 1072 544 1114 esse
573 1056 704 1139 κωμικῇ
731 1052 815 1131 λέξει
842 1076 881 1140 τῃ
907 1047 937 1116 τ’
965 1075 985 1134 η
1009 1054 1213 1134 συμμίκτων.

104 1155 218 1241 Neque
242 1175 329 1217 nunc
351 1152 447 1217 huius
467 1176 519 1218 me
539 1156 721 1242 poeniteret
744 1157 966 1235 coniecturae,
990 1154 1018 1217 si
1041 1161 1214 1236 constaret,

104 1257 138 1320 id
162 1254 249 1342 quod
265 1255 399 1318 minime
421 1262 564 1337 constat,
592 1279 627 1320 re
654 1279 734 1321 vera
755 1256 894 1343 Didymi
914 1256 1122 1321 Chalcenteri
1144 1277 1216 1318 esse

105 1351 329 1439 συμποσιακά.
375 1355 471 1420 Certe
502 1359 688 1443 aptissimus
721 1366 790 1422 erat
818 1359 852 1420 in
877 1356 1096 1444 Symposiacis
1123 1355 1214 1420 locus

105 1458 305 1524 conclamato
324 1457 382 1540 illi,
402 1457 623 1522 aurichalcum
645 1459 725 1545 quid
747 1468 842 1542 esset,
864 1454 1061 1542 ἀπορήματα
1095 1455 1215 1522 Obser-

104 1583 162 1626 ves
182 1559 278 1641 mihi,
306 1580 443 1646 quaese,
472 1559 609 1646 Didymi
633 1560 736 1625 verba
763 1563 833 1625 τῶν
860 1562 932 1642 εἰκῆ
965 1558 1214 1642 διαδεδομένων

105 1659 171 1725 καὶ
191 1663 334 1742 τοῦτο,
360 1659 448 1724 unde
476 1659 563 1723 effici
589 1662 720 1725 videtur
743 1663 857 1729 eodem
879 1663 1003 1749 capite‚·
1032 1683 1095 1746 quo
1118 1682 1214 1746 quae-

106 1763 243 1826 stionem
260 1759 349 1825 illam
365 1761 404 1825 de
421 1761 607 1828 aurichalco
627 1765 818 1829 solvendam
837 1764 901 1828 sibi
914 1763 1093 1850 proposuit,
1117 1763 1214 1826 etiam

105 1863 145 1927 de
169 1862 243 1926 aliis
264 1865 366 1926 mirae
387 1871 523 1926 naturae
544 1863 740 1951 ignotaeque
763 1867 899 1951 originis
923 1863 1062 1930 metallis
1087 1864 1215 1949 exposi-

105 1972 173 2028 tum
195 1963 312 2046 fuisse,
337 1987 365 2029 e.
388 1988 420 2050 g.
445 1965 485 2030 de
507 1965 627 2030 electro
661 1968 782 2031 stimmi
804 1967 1005 2032 sandaraohe
1036 1964 1214 2030 andrioelo.

629 2188 684 2252 *9.

189 2323 318 2408 Agmen
344 2324 601 2408 fragmentorum
628 2323 759 2387 claudat
790 2321 891 2387 Clem.
914 2320 1011 2385 Alex.
1044 2321 1161 2385 Strom.
1184 2321 1215 2384 V

104 2448 136 2512 p.
164 2429 226 2488 415
251 2426 282 2490 Α
310 2426 455 2512 (Heius.)
486 2430 598 2508 σοφοῦ
627 2420 690 2508 γὰρ
718 2421 755 2488 τὸ
788 2430 933 2508 χρῆσθαι
962 2427 1002 2508 τῇ
1028 2425 1216 2508 σνμβολικῇ

106 2523 228 2608 φράσει
259 2528 388 2611 δεξιῶς,
418 2524 522 2610 φησὶν
551 2521 568 2591 ὁ
598 2521 886 2611 γραμματικὸς
917 2526 1127 2607 Δίδυμος,
1162 2521 1214 2586 καὶ

106 2625 143 2690 τὸ
167 2630 327 2712 γνωρίσαι
358 2623 395 2694 τὸ
419 2624 474 2693 (1ιά
498 2628 620 2711 ταύτης
643 2624 854 2711 δηλούμενον
877 2667 920 2679 —q
940 2629 1046 2711 βέὸυ
1066 2623 1129 2708 μὲν
1151 2619 1215 2707 γὰρ

106 2725 185 2806 τούς
202 2727 340 2812 Φρύγας
361 2724 511 2813 adridere
536 2729 617 2814 φησί
640 2736 771 2814 καλεῖν,
793 2726 883 2795 καθὰ
907 2727 961 2793 καὶ
976 2721 1118 2810 Ὀρφεύς
1133 2748 1215 2812 τοο,

105 2831 139 2893 in
161 2831 278 2918 quibus
308 2840 406 2918 quota
432 2841 506 2918 post
528 2835 714 2920 appositum
734 2831 893 2896 Neanthis
924 2829 1081 2918 Cyziceni
1108 2826 1216 2891 locum

105 2955 181 3017 pars
211 2933 395 3020 eDidymo
425 2937 467 3010 sit
491 2934 608 2999 hausta
631 2958 691 3021 pro
713 2942 801 2998 certo
824 2933 989 2996 affirmare
1010 2954 1075 2997 non
1100 2931 1215 2993 ausim.

104 3043 147 3082 —-'
172 3034 392 3119 Symposiacis
419 3035 581 3122 adscripsi
607 3036 692 3099 hanc
720 3057 847 3121 quoque
872 3031 1024 3097 laciniam
1059 3027 1097 3098 eo
1131 3055 1216 3097 com-

105 3144 211 3198 motus
241 3144 449 3219 argumento,
481 3137 567 3230 quod
599 3134 764 3220 ζητήματα
798 3136 833 3200 11
863 3157 984 3220 genus,
1021 3135 1100 3222 quid
1131 3142 1217 3198 esset

106 3235 200 3321 βέὸυ,
224 3236 303 3323 quid
318 3232 381 3313 ζάψ
406 3244 478 3320 etc,
498 3247 611 3321 gratae
631 3239 779 3324 profecto
794 3239 1079 3323 grammaticorum
1094 3236 1216 3300 mensis

106 3360 203 3423 super
225 3359 359 3400 coenam
383 3339 531 3426 interque
556 3340 674 3425 pocula
696 3363 767 3418 esse
793 3348 969 3427 potuerunt
997 3341 1215 3426 quaestiones.

36 3517 38 3520 Ι
106 3439 158 3502 De
181 3437 264 3524 βέδν
287 3438 329 3502 of.
352 3438 499 3504 Lobeck.
521 3439 685 3528 Aglaoph.
707 3463 740 3526 p.
762 3444 835 3506 836.
858 3443 931 3505 883.

191 3592 284 3656 Haec
311 3592 412 3674 igitur
440 3614 558 3658 novem
587 3616 605 3656 e
633 3595 847 3679 symposiacis
870 3594 1055 3677 fragmenta
1076 3602 1215 3657 aetatem

105 3693 260 3757 tulerunt.
305 3692 422 3757 Nullus
445 3702 556 3759 tamen
579 3697 693 3762 dubito
723 3697 801 3783 quin
828 3695 924 3782 plura
953 3694 1059 3759 adhuc
1084 3695 1119 3756 in
1141 3693 1215 3757 Plu·
1268 3756 1270 3760 .

105 3793 218 3858 tarcho
239 3794 391 3877 Diogene
412 3796 545 3861 Laertio
570 3807 604 3862 et
627 3798 794 3863 Clemente
821 3794 1048 3861 Alexandrino
1076 3795 1213 3859 latitent.

106 3896 177 3958 Iam
206 3916 286 3959 vero
312 3899 509 3978 gravissima
534 3902 681 3986 quaestio
709 3899 804 3964 nobis
834 3897 991 3962 solvenda
1012 3906 1078 3980 est,
1106 3905 1215 3961 utrum

105 3997 187 4060 haec
208 3997 321 4061 decem
343 3997 511 4062 volumina
530 4041 574 4051 —-
594 4010 643 4067 tot
664 4003 750 4066 enim
772 4001 940 4064 minimum
967 3998 1100 4084 fuerunt
1121 4036 1157 4045 -
1180 4020 1215 4061 re

105 4120 185 4163 vera
208 4098 256 4170 ¹ab
285 4099 513 4166 Alexandrino
539 4105 771 4186 grammatico,
800 4101 835 4164 id
863 4098 950 4186 quod
976 4094 1090 4179 ἀκριτί
1110 4100 1216 4184 perhi-

104 4200 184 4266 bere
203 4201 316 4268 doctos
338 4203 427 4266 viros
450 4203 507 4289 (of.
531 4203 622 4268 Suid.
646 4205 663 4267 Ι
684 4226 716 4289 p.
745 4206 824 4266 1330
847 4199 967 4264 Bernh.
991 4199 1149 4263 Beccard.
1174 4200 1214 4264 de

107 4301 219 4371 scholi,
249 4303 346 4370 Hom.
375 4301 492 4368 Venet.
527 4305 569 4367 A.
598 4325 630 4391 p.
660 4307 711 4367 30.
743 4303 799 4391 31)
822 4301 936 4383 video,
964 4323 1006 4364 an
1029 4299 1071 4365 ab
1089 4301 1214 4366 iuniore
