2858 4882
1147 340 1212 403 389

96 512 148 566 cst
166 519 255 566 voce¹
271 509 486 582 προσιστορεῖ
504 519 555 586 ap.
567 502 749 568 Marcellin.
773 503 832 567 vit.
853 503 955 568 Thuc.
979 527 1011 590 p.
1038 507 1097 568 129
1116 505 1207 590 3111,

95 623 291 690 quamquam
314 602 475 665 coutitur
499 604 596 666 etiam
619 603 769 668 Eustath.
791 603 850 666 vit.
873 602 1006 670 Pindar.
1025 609 1061 668 31
1085 605 1206 692 Odyss.

100 708 191 787 1669,
215 705 266 766 58.
311 702 362 766 'Ac
386 702 484 765 liceat
509 703 604 768 nobis
629 725 772 790 quoque,
803 727 876 768 cum
901 706 982 768 civis
1004 707 1207 791 Megarensis

95 807 128 870 h.
153 806 174 870 l.
200 805 321 868 iniecta
343 805 463 867 mantio
487 805 544 885 sit,
572 817 803 887 παριστορεῑν,
825 804 1002 870 Caecilium
1027 808 1124 871 etiam
1147 808 1208 873 Oa-

98 907 268 986 lactinum,
306 903 412 990 quode
447 903 514 968 vid.
550 904 672 988 Eggsr.
700 905 842 991 Longin.
871 929 903 991 p.
932 903 1208 974 LXII-LXVII

96 1006 246 1070 Mueller.
281 1004 356 1068 hist.
385 1005 443 1068 Gr.
474 1005 526 1068 llI
557 1028 589 1090 p.
613 1008 776 1089 330-33,
808 1009 1036 1091 Megarensem
1064 1010 1128 1073 dici
1154 1033 1206 1096 ap.

96 1108 204 1172 Iriarl.
228 1106 322 1170 catal.
346 1106 441 1170 codd.
464 1106 587 1168 Matril.
608 1129 640 1191 p.
663 1109 714 1190 83,
737 1110 793 1195 qui
813 1109 894 1171 hacc
917 1109 1048 1174 scribit:
1069 1110 1128 1173 ‘In
1153 1133 1207 1174 ex-

96 1209 215 1294 cerptis
239 1230 281 1271 cx
302 1214 343 1271 el.
365 1229 406 1269 m.
423 1205 596 1270 'auctorum
618 1207 770 1272 elenchus
789 1209 908 1274 Suidae
928 1211 1093 1294 praefixus
1116 1210 1207 1275 ablu-

98 1310 146 1373 dit
163 1308 311 1373 nonnihil
334 1315 355 1371 a'
376 1307 510 1392 vulgato
532 1309 578 1372 ἔτι
597 1303 761 1391 Εὕγένιος
777 1312 935 1432 Σωσιμρῖς
955 1315 1126 1388 Καικίλιος
1148 1335 1208 1394 με-

916 1398 930 1439 c

98 1457 220 1543 γαρεός
254 1459 331 1547 (sic)
366 1458 561 1543 canalicium
589 1461 709 1544 έκλογη
743 1461 864 1538 λέξεων
898 1459 980 1528 κατὰ
1012 1470 1205 1544 στοιχεῖον.’

96 1564 204 1627 Huius
226 1583 345 1626 nomen
368 1561 575 1626 obliteratum
598 1585 669 1626 csse
692 1565 726 1626 in
746 1563 920 1630 Ammonio
939 1565 979 1629 dc
1000 1564 1067 1628 diff.
1090 1587 1122 1649 p.
1148 1569 1207 1626 112

98 1688 123 1728 ε.
143 1686 175 1727 v.
199 1659 378 1745 πειραστής
405 1684 471 1725 non
492 1664 636 1748 pervidit
658 1663 909 1729 Valckenarius.
955 1668 1209 1730 KAINEMOO

97 1773 146 1828 cst
168 1768 410 1829 KAIKIAIOC
429 1764 489 1828 sub
511 1755 543 1827 v'.
572 1764 704 1847 θεωρός
733 1788 753 1829 a
774 1766 1009 1851 Lysimachida
1030 1766 1207 1850 appositus,

96 1866 188 1928 cuius
201 1886 319 1928 nomen
333 1866 402 1929 fsrc
419 1864 539 1950 ubique
553 1867 766 1952 depravatum
778 1889 798 1930 a
813 1866 958 1931 librariis
977 1877 1027 1930 cst
1045 1868 1080 1929 in
1097 1865 1207 1949 Κεκή-

97 2013 167 2083 λιος
188 2006 242 2071 vsl
265 2011 408 2072 Κικίνου
430 2008 484 2071 vel
507 2002 603 2072 κᾶκεῐ
621 2007 674 2071 vel
698 1963 769 2072 κῦυ.
806 2009 904 2094 (Nam
918 2009 1004 2095 App.
1021 2007 1115 2073 Phor.
1134 2013 1205 2090 676,

97 2111 137 2172 23
165 2109 338 2194 legendum
364 2109 494 2174 videtur
522 2106 695 2173 πινάκιον·
727 2113 899 2186 Καικίλιος
925 2111 1012 2192 λέγει
1041 2109 1094 2172 καλ
1118 2108 1205 2192 σύμ-

97 2216 201 2296 βολον
222 2207 440 2297 δικαστικόν.)

637 2398 667 2460 3.

182 2515 237 2578 Et.
259 2538 303 2578 m.
324 2517 401 2595 777,
424 2516 442 2576 9
468 2508 614 2596 ὕμνος·
646 2507 729 2576 κατὰ
756 2512 932 2596 συγκοπὴν
960 2507 1134 2597 ὕπόμονός
1158 2538 1207 2590 τις

99 2611 160 2697 όν,
176 2612 264 2681 καθὰ
278 2617 324 2691 είς
335 2607 516 2699 ὑπομονὴν
529 2614 607 2700 (leg.
619 2609 827 2700 ὑπόμνησιν)
845 2615 899 2679 καλ
914 2612 1050 2698 μνήμην
1066 2611 1138 2698 ὕγει
1150 2613 1208 2691 τὰς

98 2722 168 2781 τόν
186 2715 441 2799 ἐπαινουμένων
460 2714 594 2796 προέξεις
614 2714 668 2780 καὶ
687 2709 815 2799 ἀρετάς.
839 2714 1034 2800 κεχώρισται
1049 2714 1086 2780 δέ
1101 2715 1207 2798 έγκω-

97 2823 184 2904 μίωυ
210 2819 264 2882 καλ
293 2818 485 2901 προσοδίων
509 2818 613 2905 (vulg.
636 2819 781 2905 -ρνδιοίν)
816 2819 870 2883 καλ
892 2817 1055 2899 ἐπαίνων,
1079 2810 1141 2900 οὐχ
1163 2811 1208 2893 ὡς

99 2913 266 3006 κηἰκείνων
285 2910 330 2999 μὴ
350 2911 460 2980 όντων
482 2911 612 2999 ὕμνων,
636 2911 710 2980 ἀλλ’
735 2910 1060 2982 ἆντιδιαστέλλονται
1076 2908 1121 2990 ὥς
1136 2917 1208 2996 είδη

100 3014 183 3100 πρὸς
206 3018 312 3100 γένος.
335 3016 498 3102 γράφεται
520 3015 584 3101 γὰρ
607 3013 714 3101 ὕμνος
734 3020 918 3099 προσοδίου
941 3020 986 3104 (v.
1004 3013 1206 3101 προσῳδίας)

99 3117 205 3204 ὕμνος
228 3119 394 3203 έγκωμίου
417 3116 523 3204 ὕμνος
546 3125 685 3196 παιᾶνος
710 3119 764 3182 καὶ
786 3117 828 3183 τὰ
848 3113 959 3202 ὅμοια.
984 3119 1090 3206 (Haec
1104 3116 1209 3181 voluit

99 3222 312 3311 etymologus,
332 3221 433 3306 vulgo
451 3221 643 3307 corruptelis
665 3230 794 3284 scatens
812 3220 1102 3286 circumferebatur
1117 3217 1208 3282 locus

97 3325 165 3388 his:
187 3347 238 3406 γρ.
261 3321 298 3388 δέ
321 3317 427 3406 ὕμνος
448 3345 504 3406 πρ.
523 3362 566 3371 -
587 3321 628 3387 τὰ
650 3318 759 3404 ὅμοια.
781 3321 1004 3385 διαστέλλεται
1023 3317 1059 3385 δὲ
1076 3313 1121 3396 ὡς
1137 3322 1208 3401 εἴδη

98 3420 164 3491 ἀπὸ
192 3424 312 3507 γένους
340 3418 416 3488 ἀλλ’
446 3419 794 3508 ἀντιδιαστέλλονται.)
840 3421 1004 3504 προσόδια
1025 3417 1088 3503 γὰρ
1108 3414 1210 3502 Ἀθη-

99 3538 187 3592 ναῖοι
213 3523 411 3606 προσιόντες
435 3527 529 3612 (Oric
544 3521 732 3610 προϊόντες)
756 3535 849 3599 ναοῖς
872 3516 892 3604 ἢ
912 3528 1036 3607 βωμοῖς
1053 3516 1135 3601 πρὸς
1150 3516 1209 3583 τὸν

100 3624 207 3694 αὐλόν
229 3620 324 3715 ᾖδον,
344 3624 405 3694 τόν
431 3625 467 3692 δέ
488 3620 598 3708 ὕμνον
620 3621 704 3705 πρός
724 3622 881 3707 κιθάραν.
917 3613 1005 3685 οὕτω
1021 3623 1210 3710 Δίδυμος

99 3732 142 3796 έν
163 3736 215 3818 τῷ
237 3731 331 3814 περὶ
353 3721 543 3810 λυρικῶν
565 3731 762 3811 ποιητῶν.
795 3728 888 3790 Haec
908 3720 1122 3810 etymologus‚
1146 3743 1209 3806 quo

99 3835 261 3920 copiosior
283 3833 363 3897 Orio
386 3834 456 3914 155,
479 3833 520 3892 22
539 3831 624 3894 inter
644 3828 747 3893 verba
774 3823 884 3893 όντων
911 3823 1030 3908 ὕμνων
1051 3831 1082 3886 et
1104 3837 1209 3902 προσ-

100 3933 176 4000 όδια
198 3931 262 4018 γὰρ
282 3929 454 4016 Ἀθηναῖοι
476 3931 556 3996 haec
579 3931 713 3995 exhibet
734 3925 807 3994 ἀλλ’
826 3923 877 4006 1ὡς
892 3927 987 4011 γένος
1006 3919 1071 3989 ἀπὸ
1088 3924 1208 3997 εἴδους.

101 4033 209 4102 πάντα
237 4032 301 4120 γὰρ
331 4039 376 4110 είς
405 4026 485 4109 τούς
510 4027 733 4115 ὑπερέχοντας
754 4027 951 4114 γραφόμενα
973 4022 1104 4109 ὕμνους
1127 4020 1209 4088 ἀπο-

102 4137 296 4222 φαινόμεθα
318 4136 373 4201 καὶ
395 4134 591 4217 ἐπιλέγομεν
613 4131 649 4198 τὸ
674 4128 761 4207 εἶδος
782 4134 829 4217 τῷ
851 4131 956 4213 γένει·
978 4121 1084 4209 ὕμνος
1104 4139 1210 4206 προσ-

100 4245 203 4308 οδίων
223 4239 330 4325 ὕμνος
352 4241 529 4323 έγκωμίον,
552 4231 658 4318 ὕμνος
679 4236 831 4310 παιᾶνος.
861 4231 1014 4314 σημαίνει
1036 4223 1072 4292 δὲ
1089 4224 1125 4292 έν
1140 4235 1211 4303 ταῖς
