2894 4890
1159 351 1220 412 265

106 522 148 586 G.
172 520 216 583 ad
237 519 290 582 Ai.
311 522 351 583 83
373 528 404 583 et
426 520 468 583 ad
490 467 569 582 hlur.
591 518 679 582 Med.
697 520 769 582 732.
799 518 946 601 Accedit,
969 518 1056 605 quod
1076 525 1220 582 veterem

105 622 197 686 illum
228 619 397 706 Sophoclis
426 621 634 706 interpretem
661 642 858 706 anonymum
887 620 1090 706 eundemque
1118 623 1222 684 nostri

106 722 294 808 interpretis
329 721 452 785 fontem
494 721 630 786 Homeri
668 731 735 784 tam
768 723 1029 807 superstitiosum
1061 722 1222 786 fautorem

106 825 209 888 fuisse
231 822 468 906 cognoscimus,
487 832 523 887 ut
539 822 722 887 obtrectare
733 824 843 887 Attico
861 823 1103 908 tragoediarum
1122 827 1221 912 scrip-

106 924 170 989 tori
193 922 390 987 suavissimo
412 922 565 1007 religioni
595 945 661 987 non
683 922 829 1007 haberet,
851 924 957 988 sicubi
978 925 1013 988 in
1036 924 1222 990 fabularum

109 1025 318 1091 enarratione
340 1023 393 1088 vel
416 1033 650 1107 transversum,
672 1035 709 1089 ut
731 1027 832 1109 aiunt,
852 1048 995 1110 unguem
1016 1026 1057 1091 ab
1078 1028 1222 1092 Homero

107 1149 166 1191 suo
195 1125 330 1190 auderet
358 1124 522 1190 recedere.
568 1126 675 1192 Schol.
701 1127 754 1191 ΕΙ.
785 1129 847 1190 539
876 1122 1107 1210 λαμβάνονταί
1133 1154 1221 1206 τινες

109 1231 155 1316 (h.
180 1252 207 1293 e.
236 1227 356 1307 critici,
386 1227 442 1311 qui
470 1227 614 1314 Didymo
640 1231 765 1314 priores
779 1259 780 1262 ¹
796 1229 964 1314 vixerunt)
995 1234 1057 1295 τοῦ
1080 1236 1222 1314 ποιητοῦ
1339 1248 1343 1255 ·

69 1341 72 1347 “
108 1331 145 1396 ἐκ
167 1333 236 1395 τῶν
251 1323 457 1410 Ὁμηρικῶν·
486 1327 557 1393 ἐπεὶ
586 1329 713 1407 ἐκεῖνος
736 1333 816 1413 μίαν
839 1329 1015 1412 γεγονέναι
1037 1335 1084 1420 τῷ
1107 1337 1222 1398 Μενε-

109 1431 179 1519 λάω
201 1425 263 1513 τὴν
281 1424 461 1512 Ἑρμιόνην
482 1434 605 1515 φησίν,
639 1420 738 1509 οὗτος
768 1431 804 1496 δὲ
833 1433 973 1509 διπλοῦς
997 1427 1222 1518 ὁμομητρίους

109 1533 213 1618 φησὶν
234 1525 325 1618 αὐτῷ
343 1531 529 1614 γεγονέναι.
552 1528 642 1616 ὅμως
661 1529 717 1619 (οὐ
730 1531 809 1620 del.)
825 1543 1004 1617 συμφωνεῖ
1012 1527 1103 1620 αὐτῷ
1111 1529 1223 1599 Ἡσίο-

108 1639 181 1712 δος·
205 1627 243 1717 ‘ip
265 1628 378 1697 τέκεθ’
397 1629 577 1717 Ἑρμιόνην
599 1635 818 1722 δουρικλείτω
836 1635 1012 1724 Μενελάῳ,
1035 1632 1223 1703 ὁπλότατον

110 1731 143 1800 δ’
167 1737 280 1800 έτεκεν
305 1733 540 1818 Νικόστρατον
561 1730 638 1813 ὄζον
652 1731 803 1820 ’Ἆρηος’.
848 1731 889 1800 οῦ
912 1739 988 1820 περὶ
1008 1734 1164 1821 μεγάλων
1187 1737 1223 1803 δὲ

109 1839 146 1902 αλ
173 1841 323 1902 τοιαῦται
354 1838 536 1917 διαφωνίαι
561 1847 630 1914 τοῖς
656 1835 856 1922 ποιήμασιν,
886 1833 971 1902 ὥστε
995 1837 1037 1903 οῦ
1060 1835 1151 1903 πάνυ
1173 1842 1227 1905 δεῖ

109 1933 224 2015 αὐτοῖς
241 1937 295 2002 ε’πδ
317 1940 386 2002 τοῖν
405 1934 569 2002 τοιούτων
589 1938 737 2021 ἐνοχλεῖν
751 1935 941 2023 ἀφεμένους
958 1944 1026 2004 τῶν
1042 1936 1224 2024 ἀναγκαιο-

111 2040 235 2122 τέρων,
263 2033 348 2120 άπερ
371 2051 577 2123 παρατηρεῖν
600 2040 709 2123 ἐχρῆν.
755 2045 859 2104 ταῦτα
891 2043 930 2105 δέ
960 2039 1028 2106 έστι
1055 2037 1095 2106 τά
1119 2031 1231 2126 ἠθικά

109 2141 166 2205 καὶ
190 2137 335 2223 χρήσιμα
357 2133 437 2222 ἡμῖν
462 2153 531 2217 τοῖς
553 2139 844 2224 ἐπιτυγχάνουσιν.
890 2142 1035 2224 Insignis
1057 2143 1110 2203 hic
1132 2143 1223 2204 locus

110 2253 160 2309 est
182 2243 224 2307 ad
245 2241 474 2306 illustrandum
499 2242 599 2307 alium
621 2243 795 2307 manifeste
821 2243 908 2306 haud
930 2243 1054 2329 absque
1077 2251 1154 2306 nota
1177 2242 1224 2306 di-

110 2345 261 2424 missum,
289 2341 389 2406 schol.
409 2342 461 2406 ΕΙ.
486 2347 547 2407 445
583 2339 624 2408 οῦ
648 2343 757 2409 δεῖδὲ
786 2345 976 2427 διαφωνίαν
997 2335 1111 2408 δοκεῖν
1138 2337 1224 2407 εἶναι

110 2441 199 2528 πρδς.
217 2439 277 2508 τὸν
287 2437 455 2527 Ὅμηρον,
476 2443 549 2508 ἐπεί
569 2463 674 2528 φησιν
696 2446 823 2521 ἐκεῖνος
846 2446 881 2531 (δ
898 2446 994 2532 535)·
1012 2440 1223 2528 (δειπνήσας,

112 2542 158 2623 ὥς
185 2548 233 2622 τίς
260 2568 295 2609 τε
314 2544 494 2610 κατέκτανε
514 2549 601 2630 βοῦν
624 2547 677 2612 tat
699 2543 838 2631 φάτνη’.
882 2540 978 2629 ἤρκει
1007 2541 1071 2628 γάρ
1099 2543 1138 2610 τά
1162 2541 1224 2611 ὅλα

111 2649 376 2732 συμφωνεῐντῷ
400 2643 577 2730 πράγματι.
611 2646 650 2712 τά
673 2643 737 2731 γάρ
758 2642 841 2712 κατὰ
864 2647 963 2730 μέρος
984 2646 1138 2724 ἐξουσίαν
1158 2649 1224 2730 ἔχει

112 2749 252 2824 ἕκαστος
274 2742 319 2824 ὡς
339 2743 496 2832 βούλεται
518 2747 852 2832 πραγματεύσασθαι,
877 2751 907 2813 εἰ
927 2745 971 2832 μη
995 2745 1031 2813 τὸ
1056 2752 1123 2813 πᾶν
1141 2747 1225 2833 βλά-

111 2874 178 2936 πτη
208 2854 266 2932 τῆς
294 2845 499 2936 ὑποθέσεως.
546 2850 598 2914 Of.
633 2851 734 2915 schol.
766 2851 846 2914 Eur.
875 2851 957 2915 Hac.
992 2853 1072 2913 1255
1095 2851 1136 2914 V.
1171 2850 1223 2914 ed.

111 2953 271 3018 Witzsch.
304 2952 401 3018 Adde
420 2952 520 3016 ¹schol.
544 2953 586 3016 ad
605 2952 657 3014 El.
684 2955 697 3012 1
723 2945 950 3033 ἀπειρόκαλον
970 2949 1006 3016 τδ
1028 2950 1148 3033 λέγειν,
1173 2945 1225 3015 ὅτι

87 3040 88 3044 ¹
112 3049 154 3119 δν
177 3051 305 3136 τρόπον
333 3049 373 3117 τά
403 3049 486 3118 κατά
514 3055 613 3138 μέρος
641 3057 699 3135 της
717 3047 848 3135 Ἰθάκης
876 3046 1038 3136 ηἈθηνά
1057 3055 1161 3130 ἔδειξε
1180 3055 1226 3138 τῷ

55 3189 74 3201 2
109 3153 273 3239 Ὀδυσσεῖ,
297 3149 404 3231 οὕτως
423 3156 498 3219 ἔδει.
511 3155 565 3219 καὶ
587 3147 652 3220 τὸν·
666 3149 882 3237 παιδαγωγὸν
897 3158 944 3241 τῷ
959 3150 1094 3240 Ὀρέστη
1111 3156 1225 3231 δεῖξαι.

113 3257 277 3322 Eustath..
296 3260 373 3338 656,
404 3256 495 3320 45ss
523 3254 623 3320 schol.
651 3255 705 3318 Ai.
736 3258 793 3319 731
826 3257 879 3320 El.
911 3260 981 3321 157.
1022 3255 1226 3321 Vocabulum

113 3354 341 3442 teristratos
372 3367 485 3422 contra
516 3359 690 3422 enstaticos
722 3366 754 3420 et
788 3357 907 3443 lyticos
937 3355 1059 3423 dictum
1089 3361 1228 3423 recurrit

114 3459 216 3524 schol.
243 3457 297 3521 Ai.
324 3452 453 3522 497οῦ
478 3459 531 3522 δεῖ
556 3459 592 3522 δὲ
622 3454 852 3538 ἀπειροκάλως
874 3463 996 3543 ζητεῖν,
1026 3462 1075 3536 τίς
1096 3463 1227 3541 πρῶτος

115 3557 275 3644 ἐχρήσατο
305 3553 437 3637 ὅπλοιςς
472 3561 588 3624 Lehrs.
617 3562 676 3624 Ar.
702 3583 734 3646 p.
761 3563 831 3622 152.
877 3561 1000 3624 Videor
1021 3561 1101 3624 mihi
1123 3562 1158 3622 in
1176 3561 1227 3624 his

115 3661 399 3726 observationibus
421 3661 602 3747 Didymum
624 3659 807 3724 Aristarchi
829 3664 926 3725 nimis
951 3661 1094 3726 sobriam
1113 3681 1227 3723 censu-

115 3783 186 3824 ram
206 3763 419 3846 castigantem
441 3762 642 3844 subodorari,
665 3764 729 3848 qui,
754 3762 830 3825 licet
841 3761 1051 3826 Homericum
1073 3760 1229 3847 loquendi

116 3884 212 3924 usum
234 3864 353 3949 optime
373 3871 493 3944 nosset,
515 3871 623 3927 tamen
645 3876 750 3949 neque
772 3865 806 3926 in
822 3862 919 3926 rebus
936 3864 1089 3949 mythicis
1107 3872 1139 3926 et
1153 3885 1229 3947 geo-

116 3963 282 4048 graphicis
303 3986 406 4049 usque
429 3986 557 4050 quaque
581 3967 659 4028 satis
679 3972 846 4028 versatum
868 3986 902 4027 se
923 3965 1110 4050 praeberet,
1142 3965 1229 4050 quod

115 4065 214 4128 etiam
235 4064 275 4127 Ε.
298 4065 338 4127 R.
361 4064 481 4150 Langii
503 4066 544 4128 de
564 4061 755 4129 Aristarcho
777 4065 840 4128 fuit
859 4066 1031 4147 iudicium,
1054 4087 1170 4151 neque,
1194 4067 1229 4130 id

114 4164 202 4251 quod
233 4166 411 4232 maximum
430 4176 493 4250 est,
524 4175 694 4253 poetarum
722 4168 903 4254 elegantem
932 4174 964 4229 et
985 4167 1227 4252 magnanimum
