2894 4890
1181 381 1242 442 235

133 545 227 628 ψέγει
249 543 495 628 intellegerent,
518 542 681 629 Didymus
707 537 831 608 οὐδένα
848 544 934 622 δέξω
955 546 1063 610 vertit.
1109 550 1188 611 Δίδ
1195 571 1243 612 υ-

129 670 203 732 μος
221 644 276 729 δέ,
302 637 426 709 οὐδένα
447 644 554 728 ψέξαι,
577 647 678 727 φησί,
704 643 760 708 καὶ
781 639 833 709 ὅτι
854 649 955 711 τοῦτο
975 639 1040 710 οὐκ
1062 641 1241 731 ἀλλότριον

131 752 193 815 τοῦ
212 742 406 829 Πινδάρου,
435 741 519 812 άλλά
619 742 810 831 πολλὰγὰρ
833 741 924 833 αὐτῷ
945 751 1083 813 τοιαῦτα
1103 755 1240 832 είρηται.

134 854 235 918 τούτο
256 844 293 914 δέ
314 851 414 933 λέγει,
437 844 525 930 παρὸ
540 846 702 916 είάθασιν
724 850 758 914 οί
778 855 908 914 πολῖται
932 843 982 914 άεὶ
1006 858 1153 934 φθονεῖν
1174 863 1244 931 τοῖς

131 952 214 1019 κατά
233 977 273 1017 τι.
288 951 477 1035 προέχουσι.
525 947 579 1016 διά
602 948 704 1016 τοῦτο’
725 968 830 1035 φησιν
850 945 867 1015 6
889 953 1059 1037 Πίνδαρος
1081 952 1174 1030 ξένος
1194 949 1242 1018 εί-

130 1080 186 1120 ναι
214 1051 268 1118 καὶ
293 1048 354 1116 τὸν
383 1047 558 1117 σκοτεινὸν
579 1047 688 1134 ψόγον
713 1045 846 1116 άποθεν
873 1052 972 1134 ἔχειν.
1025 1052 1080 1117 καλ
1106 1047 1241 1141 οὐδένα,

131 1157 230 1241 φησί,
257 1154 362 1238 ψέξαι,
392 1158 520 1238 μᾶλλον
540 1148 577 1218 δὲ
597 1148 634 1217 τὸ
654 1152 750 1229 κλέος
770 1146 807 1215 τὸ
829 1147 954 1234 ἀληθές
983 1149 1097 1239 οἵσπερ
1118 1150 1243 1236 ὐδατος

51 1303 65 1326 .
130 1252 211 1342 ῥοάς
231 1257 277 1332 είς
299 1255 360 1320 τὸν
375 1258 476 1336 φίλον
499 1248 593 1337 άγων
607 1249 716 1334 άνδρα
734 1252 873 1336 αἰνέσω,
894 1247 940 1329 ὡς
958 1248 1053 1340 ὕδωρ
1073 1253 1238 1341 ὀχετηγός.

131 1353 176 1436 ὡς
198 1353 262 1440 γάρ
289 1356 416 1432 ἐκεῖνος
437 1350 575 1438 άμφυτά
599 1356 645 1442 (λ)
667 1351 769 1438 ’άγων
798 1348 835 1418 τὰ
860 1348 954 1439 ὐδιορ
977 1354 1031 1421 ἐπὶ
1052 1354 1092 1422 τά
1117 1359 1242 1444 δένδρα

131 1458 245 1543 τρέφει
267 1451 367 1540 αὐτά,
396 1451 486 1521 οὕτω
508 1449 601 1539 κάγά
625 1451 683 1532 τάς
702 1459 764 1520 τοῦ
787 1449 899 1538 ὐμνον
927 1451 1007 1541 ῥοάς
1029 1457 1081 1524 ἐπὶ
1103 1457 1164 1527 τόν
1183 1467 1242 1546 φί-

130 1565 191 1625 λου
214 1553 323 1643 άνδρα
351 1558 515 1624 ἐπαινέσω
539 1555 593 1622 καὶ
620 1551 756 1640 αὐξησω
779 1555 816 1621 τὸ
839 1557 943 1635 κλέος.

213 1655 364 1744 Ἀμφυτά
390 1670 447 1725 aut
472 1683 514 1724 ex
544 1657 754 1746 sequentibus
783 1659 935 1742 ἔμφυτον
961 1657 1026 1745 γάρ
1040 1674 1120 1741 Ιτοϊς
1146 1668 1242 1731 πολί-

131 1787 202 1839 ταις
225 1770 347 1845 natum,
371 1772 426 1827 aut
444 1784 487 1826 ex
505 1756 684 1839 άμαύστως
706 1763 1006 1846 corruptum—H.
1021 1764 1041 1828 l.
1064 1767 1160 1831 etiam
1182 1769 1242 1833 Di-

131 1865 264 1952 dymum
285 1864 422 1928 Pindari
441 1885 507 1928 non
535 1863 742 1951 perspexisse
764 1873 904 1928 mentem
926 1865 1044 1930 docent
1063 1890 1146 1954 quae
1167 1870 1242 1935 Dis-

130 1989 198 2031 sen.
223 1989 254 2052 p.
281 1969 419 2030 431-3
448 1965 704 2052 explicatissime
735 1964 835 2048 dixit,
863 1988 978 2030 verum
1006 1969 1154 2034 revelare
1182 1972 1242 2035 Di-

128 2069 229 2155 dymo
256 2069 327 2154 ipse
348 2068 510 2132 Pindarus
532 2074 660 2153 poterat
681 2088 713 2128 v.
738 2070 777 2129 64
804 2065 867 2154 [94]
899 2060 1026 2149 Ἀχαιός
1048 2063 1090 2133 οὐ
1113 2073 1240 2154 μέμψε-

132 2171 187 2233 ταί
205 2164 242 2253 μ’
267 2165 361 2253 ἀνήρ.
658 2256 696 2315 51

215 2373 319 2436 Inscr.
342 2371 436 2436 Nem.
461 2375 497 2435 H
517 2371 604 2435 ἔνιοί
622 2387 704 2453 φασι
728 2371 872 2448 σταδιεϊς
896 2364 1002 2434 αὐτόν
1022 2393 1057 2436 τε
1075 2369 1136 2437 τὸν
1157 2380 1241 2439 Ass-

130 2477 207 2538 υίαν
236 2471 291 2538 καὶ
319 2470 379 2540 τὸν
402 2473 542 2555 πατέρα,
572 2471 626 2536 καὶ
655 2475 755 2536 τούτο
781 2473 948 2557 βλέποντα
975 2468 1037 2537 τὸν
1064 2476 1239 2560 Πίνδαρον

131 2581 177 2662 (v.
196 2577 250 2662 26)
276 2576 446 2649 εΛείνιδος
466 2574 593 2638 δισσῶν
615 2575 761 2639 σταδίων
783 2571 838 2636 καὶ
863 2569 1000 2656 πατρὸς
1024 2577 1151 2640 εἰπεῖν»
1182 2600 1239 2642 πα-

131 2676 219 2761 ρέχει
241 2676 296 2762 δέ,
320 2674 451 2759 φησὶν
476 2670 494 2739 ὁ
517 2677 721 2760 Δίδυμος,
744 2678 842 2740 τοῦτο
865 2670 1021 2758 ἀπορίαν,
1043 2673 1080 2740 τὸ
1103 2678 1241 2761 μηδέτε-

130 2801 192 2860 ρον
211 2772 325 2842 αὐταῖν
345 2777 383 2842 έν
404 2787 473 2854 τοίς
495 2780 716 2861 Νεμεονίκαις
739 2770 1010 2858 ἀναγεγράφθαι.

144 2933 147 2938 ,
215 2878 348 2942 Dissen.
367 2901 400 2964 p.
426 2881 486 2942 443
510 2888 676 2967 comparat
699 2877 800 2943 schol.
824 2875 938 2940 Isthm.
962 2877 980 2940 I
1004 2883 1051 2944 11.

659 3067 709 3127 52.

215 3181 309 3247 Nem.
331 3188 359 3248 Θ
382 3186 422 3246 95
445 3206 477 3269 p.
500 3187 562 3247 497
592 3176 687 3266 ἀμφ’
717 3177 864 3259 άκταίς
881 3176 1076 3267 Ἑλώρου·
1099 3225 1143 3236 ·—
1165 3188 1241 3270 περὶ

131 3283 168 3348 δὲ
195 3279 320 3347 τούτου
348 3288 410 3349 τού
436 3285 585 3368 πολέμου
613 3287 749 3367 Τίμαιος
776 3282 813 3347 έν
841 3288 881 3370 τῇ
908 3283 1030 3371 δεκάτη
1059 3285 1237 3372 δεδήλωκε.

131 3382 287 3462 καθάπαξ
311 3383 393 3469 γάρ,
421 3381 561 3468 φησὶνὸ
586 3388 790 3469 Δίδυμος,
821 3380 983 3469 οὐδεμίαν
1005 3382 1111 3471 άλληυ
1130 3388 1240 3472 μάχην

130 3488 248 3570 ἔχομεν
282 3480 395 3569 εὑρεῖν
430 3486 506 3569 περὶ
540 3482 600 3551 τὸν
625 3481 776 3569 Ἕλωρον
809 3490 877 3550 ταῖν
904 3485 1170 3572 συνηκμακότων
1194 3493 1240 3578 τῷ

129 3592 265 3675 Χρομίφ
290 3585 486 3673 τυράννων,
516 3582 568 3653 ὅτι
595 3583 640 3672 μὴ
673 3585 738 3652 σύν
762 3583 970 3673 Ἱπποκράτει
998 3593 1061 3668 τού
1085 3590 1237 3668 Γέλωνος

130 3685 214 3770 πρὸς
242 3692 509 3772 Συρακουσίους.
554 3684 606 3752 ὅτι
633 3685 695 3772 μὲν
725 3679 789 3753 οὐν
808 3689 945 3754 Γέλωνα
975 3691 1151 3772 ίππαρχείν
1177 3716 1239 3756 κα-

129 3788 289 3870 τέστησεν
314 3782 546 3874 Ἱπποκράτης,
582 3787 686 3873 σαφὲς
714 3787 731 3874 ῥ
769 3793 905 3873 Τίμαιος
936 3788 1066 3873 ποιησει
1095 3789 1239 3874 γράφων

130 3883 255 3966 οὕτως·
285 3885 503 3976 Ἱπποκράτης
530 3891 566 3957 δὲ
588 3888 669 3977 μετά
693 3888 755 3976 τὴν
773 3890 970 3977 Κλεάνδρου
989 3889 1148 3975 τελευτὴν
1171 3889 1238 3976 ἅμα

128 3986 192 4073 μέν
214 3994 276 4055 τοῦ
305 3990 458 4070 Γέλωνος
484 3993 521 4056 έν
547 3997 587 4080 τῇ
615 3993 797 4078 τεταγμένη
832 3990 1071 4079 μεμενηκότος,
1107 3987 1175 4076 άμα
1201 3991 1238 4057 δὲ

128 4101 198 4168 τοῖς
217 4087 363 4169 Γελάοις
384 4097 585 4177 χαρίσασθαι
610 4091 834 4179 βουλόμενος,
865 4091 1163 4178 μεταπεμψάμενος
1181 4087 1238 4156 αὐ-

128 4190 190 4256 τὸν
212 4191 268 4268 καὶ
296 4195 528 4276 παρακαλέσας
548 4192 632 4280 πρὸς
658 4194 716 4272 τὰς
739 4193 890 4279 πράξεις,
913 4190 1072 4258 ἁπάντων
1092 4198 1160 4259 τῶν
1180 4195 1237 4258 ίπ-

130 4292 222 4361 πίων
250 4293 439 4382 ἐπιμέλειαν
469 4296 584 4387 ἐκείνφ
612 4297 793 4380 παρέδωκε.
849 4291 893 4374 ὡς
926 4294 962 4366 δὲ
993 4293 1048 4363 καὶ
1074 4289 1091 4359 6
1120 4295 1236 4363 Γέλων
