2866 4882
1165 385 1226 446 325

110 532 227 617 τιν’δης
254 535 309 600 καὶ
335 539 449 618 Κίμων
477 536 531 602 καὶ
551 533 761 625 Ἀλκιβιάδης
789 541 844 607 καὶ
866 547 1079 630 Θονκυδίδης
1099 543 1117 613 ὁ
1139 566 1225 632 συμ-

108 632 260 718 μραφεύς
286 632 304 700 ὁ
331 631 487 724 Ὀλόρου,
518 642 576 706 ubi
603 643 791 709 Boeckhius
820 645 971 711 adnotat:
1009 651 1085 735 ‘qui
1105 654 1224 736 partim

106 737 387 822 Eurysacidarum
410 743 529 826 partim
547 742 773 809 Phila'idarum
792 748 900 831 gentis
923 748 1030 831 fuere,
1057 750 1159 834 igitur
1180 750 1222 814 ab

107 837 211 902 Aiace
229 840 391 926 utrique'
940 854 948 864 '

191 939 347 1027 Superest
369 951 405 1006 ut
425 947 539 1028 paucis
566 969 738 1035 exponam,
761 948 880 1035 quibus
901 951 1025 1014 caussis
1043 961 1221 1019 commotus

107 1041 311 1105 coniecturas
334 1065 432 1129 supra
453 1044 598 1113 breviter
621 1059 826 1116 enumeratas
850 1052 998 1136 proxime
1024 1075 1044 1116 a
1066 1076 1145 1119 vero
1165 1054 1221 1119 ab·

106 1163 178 1206 esse
200 1151 349 1209 statuam.
382 1144 551 1211 Proficisci
572 1152 674 1235 igitur
698 1151 796 1215 liceat
818 1173 837 1214 a
856 1151 927 1217 loco
947 1155 1097 1239 quodam,
1121 1178 1221 1242 quan-

106 1252 174 1308 tum
202 1245 286 1328 scio,
319 1246 486 1334 hucusque
508 1271 528 1311 a
546 1251 636 1314 nullo
662 1253 740 1316 dum
766 1251 928 1316 editorum
953 1253 1138 1318 Marcellini
1170 1279 1219 1322 re-

106 1353 226 1430 specto,
245 1345 442 1435 Doxopatri,
464 1351 607 1437 inquam,
627 1353 670 1417 ad
680 1352 848 1439 Aphthon.
860 1351 895 1416 II
906 1375 938 1438 p.
954 1357 1025 1436 424,
1043 1358 1079 1418 19
1099 1356 1219 1439 Wala,

104 1448 138 1509 in
172 1470 236 1534 quo
264 1448 448 1514 Marcellini
480 1453 611 1517 nornine
639 1475 705 1517 non
737 1454 850 1519 addito
882 1465 1070 1542 excerptum
1103 1480 1121 1520 e
1149 1458 1219 1522 vita

105 1548 309 1636 Thucydidis
338 1551 471 1639 aliquod
492 1556 676 1619 continetur
699 1546 773 1619 οἷον
791 1556 1014 1638 Θουκυδίδης.
1050 1553 1218 1640 ἐγκωμιά-

105 1668 208 1734 σομεν
234 1647 350 1736 αὐτόν,
373 1648 439 1719 dud
463 1654 525 1738 μὲν
544 1657 670 1732 ἔθνους
689 1696 732 1706 -
752 1651 819 1720 ἆιιό
843 1655 879 1720 δὲ
901 1652 1141 1741 προγόνων,
1163 1652 1215 1723 ὅτι

104 1748 168 1816 ἀπὸ
203 1750 448 1818 Μιλτιάδου
486 1754 552 1820 καὶ
585 1760 779 1841 Κίμωνος
810 1760 950 1841 γέγονεν
983 1751 1216 1840 οἷιτέμμονος

106 1857 185 1917 τοῖν
213 1848 452 1940 εὐδοκίμων
481 1863 747 1944 στρατηγῶν,
780 1855 846 1924 ἀπὸ
868 1856 905 1923 δὲ
925 1862 1133 1943 πατέρων,
1163 1855 1215 1925 ὅτι

100 1951 271 2039 Ὀλόρου
293 1946 336 2039 ἦν
359 1953 449 2041 υἱός,
470 1954 507 2036 ἃς
529 1955 617 2043 εἶχεν
638 1959 681 2024 ἐν
701 1957 843 2046 Θρᾴκῃ
861 1962 1009 2023 πλοῦτον
1028 1953 1138 2024 πολὺν
1158 1960 1215 2025 καὶ

104 2063 358 2139 περιουσίαν
384 2061 542 2145 μεγάλην.
588 2063 759 2126 Pertinent
786 2061 867 2124 haec
894 2062 937 2124 ad
965 2061 1112 2125 Marcell.
1141 2064 1214 2142 §.2

102 2165 166 2242 et}
182 2165 231 2224 14.
252 2161 366 2247 Neque
384 2185 450 2226 non
473 2164 587 2228 eodem
610 2184 652 2226 ex
674 2162 763 2225 fonte
786 2166 831 2246 (ξ.
845 2162 879 2246 2)
899 2161 1066 2224 fluxerunt
1081 2160 1212 2246 Doxop.

103 2261 138 2325 Il
158 2285 190 2347 p.
216 2264 293 2344 438,
316 2265 357 2325 22
380 2265 532 2344 προῆλθε
560 2284 592 2347 p.
615 2265 693 2344 439,
717 2266 735 2326 3
756 2256 821 2325 ἀπὸ
839 2264 908 2324 τῶν
931 2262 1085 2344 πατέρων
1104 2254 1149 2337 ὡς
1167 2263 1213 2336 εἰς

103 2358 265 2428 Αἰακὸν
292 2364 347 2427 καλ
367 2358 511 2443 ’Όλορον
543 2359 768 2448 τὸνβασιλέα
797 2357 1011 2446 ἀναφέροντα
1038 2357 1075 2426 td
1104 2360 1211 2445 γένος.

100 2466 312 2529 Manifestum
334 2465 434 2549 igitur
456 2465 561 2528 estin
583 2464 788 2552 Thucydidis
808 2465 877 2528 vita
900 2484 953 2545 ea,
983 2485 1079 2549 quam
1099 2464 1212 2529 Doxo-

101 2576 193 2654 pater
224 2564 374 2628 manibus
406 2566 513 2646 trivit,
546 2569 620 2647 §.2
653 2566 802 2630 extitisse
832 2558 1017 2646 ἆντέμγονος
1044 2586 1102 2650 pro
1124 2559 1212 2628 ἀντό-

101 2689 201 2751 γονος
222 2665 323 2754 (quod
345 2687 442 2752 quam
462 2666 505 2730 sit
525 2670 733 2732 verissimum
753 2675 888 2730 stemma
904 2665 990 2728 infra
1004 2665 1212 2730 adiciendum

100 2768 243 2852 docebit)
272 2776 370 2853 atque
400 2770 430 2848 ξ.
457 2773 494 2831 14
522 2791 588 2846 non
613 2770 653 2832 de
672 2767 865 2852 Thucydide
887 2767 952 2850 agi,
976 2766 1036 2829 sed
1057 2766 1098 2830 de
1118 2772 1211 2852 patro

100 2871 169 2932 eius
198 2866 312 2951 Oloro,
347 2867 477 2933 homine
508 2873 544 2934 in
572 2868 713 2932 Thracia
740 2867 1007 2954 locupletissimo.
1051 2865 1211 2945 Quamvis

97 2971 198 3054 igitur
228 2970 435 3034 sanissimum
463 2972 616 3037 videatur
641 2991 713 3035 esse
740 2978 837 3055 caput
864 2967 1048 3032 Marcellini
1073 2971 1125 3049 14,
1156 2966 1211 3030 δο-

79 3079 269 3157 ’ρνοναλυυι
290 3077 387 3157 atque
408 3072 489 3137 adeo
513 3071 584 3136 1οοο
607 3093 678 3135 suo·
694 3070 844 3135 avulsum
862 3071 897 3134 id
916 3091 988 3134 esse
1010 3076 1110 3154 patet.
1153 3067 1211 3131 Vi-

99 3173 197 3236 deant
218 3171 356 3236 lectores
380 3173 454 3258 ipsi.
498 3173 623 3236 Auctor
641 3173 728 3236 enim
746 3193 942 3258 quamquam
964 3171 1000 3235 id
1021 3171 1090 3255 agit
1111 3170 1211 3255 potis-

99 3273 231 3355 simum,
263 3281 299 3336 ut
319 3273 515 3359 persuadeat
532 3273 626 3338 nobis
648 3273 876 3358 Thucydidem
894 3295 915 3336 a
931 3272 1080 3336 Miltiade
1103 3280 1135 3336 et
1156 3271 1210 3335 Oi·

96 3393 192 3436 mone
219 3373 378 3457 originem
398 3376 532 3458 ducere,
560 3374 621 3438 hoc
642 3383 751 3439 tamen
771 3373 945 3439 consilium
967 3395 1061 3437 suum
1082 3367 1215 3438 tantum*

97 3472 190 3538 abest
210 3482 247 3537 ut
269 3473 437 3540 assecutus
457 3497 529 3539 esse
546 3475 652 3539 videri
675 3476 793 3560 possit,
828 3475 920 3538 utin
942 3474 1138 3538 iustissimas
1160 3475 1209 3538 vi-

97 3596 206 3638 rorum
237 3574 404 3640 doctorum
432 3576 690 3662 vituperationes
718 3576 871 3641 inciderit
902 3582 1090 3660 propterea,
1121 3574 1208 3659 quod

96 3698 150 3738 res
184 3676 218 3738 in
252 3677 371 3761 vulgus
407 3683 500 3740 notas
533 3683 796 3760 argumentorum
828 3673 973 3740 stabiliat
1004 3663 1207 3756 amhagibus,

96 3779 238 3841 incertas
257 3798 337 3842 vero
356 3785 454 3863 atque
477 3777 678 3862 argumentis
698 3785 831 3861 egentes
853 3779 924 3840 sine
938 3775 1005 3839 ullo
1021 3773 1209 3838 testimonio

96 3876 247 3941 dimittat.
292 3877 390 3960 Quid,
413 3900 544 3963 quaeso,
567 3878 610 3942 ad
630 3900 699 3942 rem
721 3878 920 3964 propositam
942 3875 1022 3939 facit
1047 3874 1208 3960 loquacis-

98 3979 180 4042 sima
200 3978 259 4042 illa
280 3988 312 4043 et
332 3978 462 4065 prolixa
478 3982 621 4043 narratio
645 3979 685 4042 de
709 3978 914 4042 Chersoneso
934 3999 954 4040 a
971 3974 1120 4040 Miltiade
1141 3995 1208 4036 ma-

95 4079 164 4142 iore
184 4079 366 4165 occupata?
390 4100 455 4165 qua
476 4078 559 4143 nihil
580 4079 670 4144 aliud
690 4079 839 4160 efficitur,
862 4099 959 4164 quam
977 4085 1013 4140 ut
1024 4075 1206 4140 Miltiadem

95 4181 255 4243 iuniorem
272 4202 303 4243 a
330 4180 480 4266 Miltiade
502 4179 698 4246 Chersonesi
719 4189 859 4266 tyranno
881 4177 1040 4260 originem
1059 4182 1206 4261 repetere

95 4269 273 4364 discamus,
306 4276 381 4346 ἀλλ’
416 4275 519 4346 οὐδὲν
546 4278 630 4363 πρὸς
655 4279 879 4361 Θουκυδίδην.
903 4315 946 4324 -
976 4277 1206 4342 Verumtamen
