2894 4890
1182 353 1240 414 221

136 527 222 584 melle
264 526 446 598 nutrierunt,
488 525 568 583 uude
588 529 707 600 poetica
737 529 790 586 illa
811 525 920 598 sabula
944 526 1087 598 oripiuem
1114 526 1246 600 sumpsit,

137 627 293 686 advolasse
315 643 395 701 apes,
418 633 506 701 atque
527 643 559 686 os
574 630 675 702 pueri,
694 632 780 688 melle
802 630 968 703 complesse,
1004 622 1154 686 Melissam
1176 643 1245 686 uero

133 735 262 803 epatre
284 731 420 803 primam
446 731 629 789 sacerdotem
656 731 753 792 Matri
779 747 908 804 mapuae
929 731 1129 800 constitutam,
1164 729 1245 786 uude

132 831 232 888 aclltua
253 833 385 890 eiusdem
407 832 517 891 Matris
537 834 679 891 antistites
701 834 842 892 Melissae
861 836 1083 905 uuoeupautur.
1109 830 1244 889 Historia

132 949 201 991 uero
222 949 313 992 saera
336 933 397 1013 (sc.
417 929 607 1013 Euhemeri)
631 942 755 994 testatur
778 940 809 995 et
829 953 860 1016 q.
885 953 910 993 s,
932 933 982 992 Sie
1003 935 1159 992 constituta
1176 941 1244 991 suut

132 1037 242 1109 templa
261 1035 327 1094 Ioui
346 1035 495 1110 matyrio,
517 1037 583 1095 Ioui
596 1037 761 1097 Laorarleo
796 1038 956 1112 Atabyrios
974 1039 1052 1095 euim
1073 1041 1102 1095 et
1121 1036 1243 1095 Labra-

133 1136 206 1194 tleus
229 1137 356 1210 ltospites
378 1140 441 1195 eius
469 1145 556 1212 atque
583 1141 735 1199 adiutores
763 1143 793 1198 iu
815 1141 889 1199 bello
906 1139 1042 1210 fuerumt.
1083 1139 1159 1197 Item
1181 1138 1247 1198 Ioui

132 1236 301 1311 Lapersa.
315 1233 400 1320 (eod.
420 1235 558 1320 Laprio,
589 1236 726 1322 Gyrald.
750 1237 890 1300 Betulei.
914 1237 997 1300 coni.
1021 1234 1175 1321 Elaphro,
1200 1235 1243 1298 cf.

135 1331 226 1396 Curi.
250 1333 428 1421 Peloponn.
452 1335 516 1400 vol.
534 1336 568 1399 II
588 1360 620 1422 p.
638 1340 699 1400 324
721 1360 754 1401 n.
771 1339 825 1423 62)
846 1343 911 1402 Ioui
928 1343 1059 1413 Molioni,
1081 1341 1146 1400 Ioui
1166 1341 1243 1401 Cas-

133 1441 175 1498 sio
196 1446 225 1498 et
246 1458 323 1515 quae
342 1449 412 1529 suut
430 1445 461 1500 io
482 1444 607 1502 eumdem
629 1446 747 1503 mollum
775 1449 806 1504 et
829 1464 860 1527 q.
884 1463 909 1503 s.
931 1444 998 1504 Siue
1021 1446 1111 1517 ipitur
1131 1460 1150 1501 a
1172 1443 1243 1501 Me-

132 1543 225 1614 lisseo,
248 1545 292 1601 sie
312 1549 345 1600 ut
360 1543 556 1619 Didymus,
579 1548 768 1606 colendorum
787 1548 916 1607 Deorum
938 1550 1014 1606 ritus
1036 1545 1165 1620 effluxit,
1184 1547 1244 1603 siue

133 1643 171 1701 ab
191 1646 257 1717 ipso
278 1657 392 1719 quoque
416 1647 494 1720 Ioue,
516 1653 548 1706 ut
562 1648 794 1709 Euhemerus
815 1650 916 1722 traclit,
939 1650 976 1707 ae
997 1655 1126 1722 ternpore
1147 1653 1244 1706 tameo

133 1751 255 1818 canstat,
276 1748 397 1820 quamdo
422 1747 474 1807 Dii
490 1752 549 1810 eali
568 1754 727 1824 coeperint.
819 1801 821 1804 .

176 1837 187 1856 ⁰
218 1842 271 1905 De
292 1843 427 1907 Melissa
447 1854 480 1908 et
496 1846 630 1910 Melisso
653 1847 737 1912 dixit
752 1848 897 1913 Lobeok.
916 1851 950 1911 in
966 1847 1128 1932 Aglaoph.
1142 1867 1174 1930 p.
1192 1849 1243 1908 50.

134 1947 206 2006 514.
229 1947 306 2009 817.
322 1948 394 2010 981).
406 1985 449 1995 -
465 1948 611 2012 Boeokh.
633 1950 736 2036 praef.
760 1974 791 2037 p.
814 1950 933 2014 XVIII
956 1948 1063 2012 locum
1085 1947 1128 2011 ad
1146 1946 1243 2032 Pyth.

134 2045 184 2108 IV
208 2050 267 2110 104
289 2047 401 2113 τρέσαι.
693 2081 695 2086 ·

662 2191 710 2250 15.

218 2298 270 2364 Ol.
294 2304 332 2364 H
349 2301 448 2368 inser.
470 2327 502 2390 p.
530 2307 588 2368 187
625 2304 807 2389 pipponem
835 2297 853 2368 δ
883 2303 1043 2379 ἐπινίκιος
1071 2322 1244 2383 προηγου-

135 2401 243 2484 μένως
268 2405 314 2488 τῷ
334 2395 561 2488 Ἀλκιμέδοντι
590 2403 684 2469 παιδὶ
710 2408 875 2490 παλαιστῇ
897 2401 1073 2488 νικήσαντι
1100 2398 1162 2484 τὴν
1183 2395 1244 2483 ὀγ-

135 2497 322 2586 δοηκοστὴν
349 2492 572 2588 Ὀλυμπιάδα,
605 2508 765 2590 μέμνηται
793 2506 829 2572 δὲ
858 2501 876 2571 δ
904 2508 1073 2591 Πίνδαρος
1100 2502 1155 2567 καὶ
1180 2505 1243 2565 τού

44 2603 47 2608 ’
135 2598 289 2687 ἀδελφοῦ
322 2599 429 2668 αύτιού
462 2609 695 2690 Τιμοσθένους
722 2611 836 2692 Νέμεα
863 2603 1063 2690 νικήσαντος
1095 2605 1149 2668 καὶ
1183 2606 1243 2667 τού

134 2700 294 2771 ἆλείπτου
326 2702 434 2770 aizoo
463 2712 655 2792 Μελησίου,
684 2706 729 2786 ὥς
754 2733 843 2787 τινες
874 2706 929 2774 καὶ
962 2709 1242 2789 παγκρατιαστοῦ.

136 2817 205 2883 τοῖς
223 2801 286 2891 γὰρ
312 2811 416 2892 τρισί,
443 2808 548 2892 φησὶν
570 2804 587 2874 ὁ
611 2812 815 2895 Δίδυμος,
838 2815 918 2895 μίαν
940 2804 1031 2897 ᾠδὴν
1051 2805 1208 2890 γέγραφε.

666 2984 714 3044 16.

219 3094 272 3162 Ol.
302 3099 331 3159 Θ
354 3096 394 3156 34
424 3118 455 3181 p.
479 3097 539 3158 212
573 3101 768 3179 μαλεραῖς
795 3095 1034 3178 ἐπιφλέγων
1059 3089 1241 3169 ἆοιδαίς·

134 3188 213 3259 -ὁ
242 3194 285 3260 δέ
312 3197 499 3279 Δίδυμος
526 3191 600 3261 ἀντὶ
628 3201 690 3261 τοῦ
717 3203 888 3280 μαλακαῖς.
926 3196 981 3262 καὶ
1009 3191 1073 3281 γὰρ
1103 3193 1243 3277 ἑτέρωθι

134 3294 402 3382 μαλακοφούνους
425 3293 483 3374 τὰς
505 3291 592 3384 ᾠδάς
616 3317 721 3382 φησιν
746 3299 840 3387 (Isth.
858 3298 893 3362 Π
909 3302 951 3382 8).
974 3299 1066 3362 Vrat.
1090 3298 1132 3361 A.
1144 3296 1242 3378 Male,
1268 3379 1271 3385 Ι

134 3408 169 3463 ut
191 3400 355 3464 adiectum
376 3398 567 3482 ἐπιφλέγων
583 3402 688 3466 docet.

663 3557 712 3617 17.

220 3669 300 3734 ibid.
324 3671 364 3732 43
385 3693 417 3756 p.
438 3673 499 3734 213
531 3672 628 3747 ίδίως
641 3665 818 3735 κάνταῦθα
840 3664 858 3734 ὁ
878 3672 1048 3752 Πίνδαρος
1070 3663 1244 3749 τδνἩρα-

134 3769 214 3834 κλέα
232 3769 315 3853 φησὶ
334 3781 402 3847 τοῖς
419 3769 506 3855 τρισὶ
528 3775 713 3855 πολεμῆσαι
737 3779 840 3849 θεοίς.
876 3769 1032 3837 δεδόσθω
1056 3765 1120 3851 γὰρ
1142 3761 1243 3853 αὐτῷ,

134 3872 238 3955 φησὶν
266 3865 283 3936 δ
307 3873 508 3955 Δίδυμος,
536 3871 612 3957 περὶ
634 3868 696 3956 τὴν
718 3867 784 3937 ύπό
807 3876 853 3961 τῷ
874 3867 1019 3956 Νέστορι
1039 3869 1158 3934 Πύλον
1181 3886 1245 3931 συ-

137 3976 254 4056 στῆναι
277 3968 338 4037 τδν
360 3969 519 4056 πόλεμον,
534 3966 682 4058 Ὁμήρου
704 3980 749 4061 (E
767 3977 843 4061 397)
866 3969 928 4057 τὴν
950 3967 1116 4037 έν“Αιδου
1134 3967 1245 4052 πύλην

135 4073 268 4139 νεκύων
304 4071 469 4150 εἰπόντος·
503 4073 546 4137 ἐν
568 4073 697 4164 πύλω,
719 4076 763 4141 έν
784 4072 985 4140 νεκύεσσι
1017 4073 1169 4159 βαλών.
1193 4077 1244 4153 εἴη

21 4167 22 4172 ¹
135 4169 169 4239 δ’
194 4170 236 4240 διν
257 4180 323 4240 νύν
347 4169 364 4239 δ
388 4176 557 4257 Πίνδαρος
577 4173 617 4239 τὰ
639 4178 693 4241 καὶ
715 4174 831 4252 τόποις
851 4176 905 4240 καὶ
928 4171 1063 4260 χρόνοις
1085 4176 1244 4239 διεστῶτα
1367 4217 1373 4230 .

133 4279 180 4354 είς
208 4275 268 4342 ἕνα
294 4275 416 4363 καιρδν
442 4273 536 4361 ύγων
562 4277 660 4342 ἕνεκα
690 4281 752 4342 τού
776 4275 935 4361 μειζόνως
963 4269 984 4358 ἢ
1015 4269 1060 4353 ὦς
1079 4277 1152 4358 ἔσχε
1174 4285 1244 4349 ταῖς
