2866 4882
1151 373 1210 438 331

101 541 191 608 tiade
212 539 372 628 repetiit?
411 540 535 612 ¹Possis
562 542 693 630 quidem
722 565 764 609 ex
789 540 842 606 his
868 542 1030 625 angustiis
1055 541 1220 627 rescripto

103 644 140 709 ἐκ
162 645 306 724 πλαγίου
324 663 384 728 pro
400 641 437 706 ἐκ
455 646 600 707 παλαιοῦ
618 645 651 710 te
670 645 848 726 extricare,
872 643 931 707 sed
943 665 1050 729 neque
1068 635 1213 730 ᾠκείωτο

103 739 188 829 πρὸς
209 740 270 820 τὸν
293 743 386 810 δεῖνα
410 743 573 808 Graecum
595 755 656 810 est.
695 746 826 810 Deinde
845 745 1060 833 praetermitti
1075 766 1140 808 non
1160 745 1213 810 de·

102 848 174 930 bet,
203 845 289 933 quod
314 844 479 932 Didymus
500 845 602 910 altero
625 847 711 928 loce,
740 869 804 934 quo
827 841 1104 912 nobilissimorum
1126 847 1213 911 Thu-

103 948 231 1037 cydidis
264 967 462 1035 proavorum
493 947 642 1015 meminit
672 947 787 1034 (schol.
824 950 921 1014 Pind.
954 949 1048 1013 Nem.
1083 949 1117 1013 Π
1152 953 1213 1032 19),

103 1045 249 1140 ᾠκείωτο
261 1049 339 1112 'non
360 1049 519 1133 agnoscit,
544 1047 602 1113 sed
620 1049 734 1114 eodem
755 1060 852 1138 atque
873 1049 1065 1137 Doxopater
1084 1051 1215 1116 dicendi

102 1172 223 1238 genere
246 1151 349 1214 utitur
372 1151 417 1226 είς
439 1153 569 1213 Αίαντα
587 1144 730 1234 ἀνέφερε
753 1148 789 1216 τό
812 1153 919 1236 γένος,
941 1152 1127 1239 ibidemque
1138 1151 1215 1215 Aia·

103 1255 151 1318 cis
184 1261 333 1340 posteros
374 1270 567 1316 enumerans
609 1251 778 1318 Cimonem
806 1255 892 1320 inter
923 1263 956 1318 ct
989 1254 1215 1340 Thucydidem

103 1355 370 1420 Alcibiadem
397 1354 524 1419 inserit.
576 1353 682 1434 Quem
707 1377 850 1421 errorem
880 1355 1026 1443 Didymo
1053 1359 1215 1445 imputare

104 1479 170 1522 non
194 1457 310 1520 ausim.
355 1454 538 1520 Alcibiadis
568 1458 654 1520 enim
673 1453 836 1539 πρόγονοι
863 1458 1118 1524 Alcmaeonidae
1145 1458 1214 1522 fue-

103 1567 180 1628 runt
207 1559 359 1646 (Sopater
380 1559 415 1622 in
438 1556 545 1624 Walz.
573 1556 622 1620 rh.
645 1557 676 1620 V
696 1583 729 1646 p.
753 1561 818 1648 10).
863 1561 946 1626 Inde
976 1561 1115 1625 subnata
1135 1558 1216 1622 mihi

104 1661 244 1749 suspicio
258 1667 309 1724 est
329 1658 538 1725 scholiastam
550 1659 686 1726 Pindari
702 1685 761 1749 pro
778 1659 834 1727 καί
846 1656 1056 1748 Ἀλκιβιάδης
1072 1659 1215 1726 voluisse

104 1762 138 1828 ολ
157 1757 357 1843 Λακκιιίδαι,
378 1758 528 1846 quamvis
549 1763 743 1849 propensior
764 1765 824 1828 sim
846 1763 888 1828 ad
913 1762 1111 1828 credendum
1130 1759 1216 1825 mala

104 1864 245 1952 quadam
266 1861 398 1926 fortuna
426 1859 622 1927 subductum
649 1864 743 1930 nobis
771 1888 837 1930 una
867 1887 940 1930 cum
969 1885 1049 1928 vera
1077 1862 1216 1926 lectione

104 1987 223 2030 nomen
250 1963 338 2028 illius
363 1963 428 2028 viri
452 1981 539 2046 csse,
568 1967 624 2051 qui
649 1966 833 2032 Miltiadem
862 1976 894 2032 et
915 1964 1143 2052 Thucydidem
1165 1983 1216 2026 co·

105 2067 270 2153 gnationis
291 2065 432 2131 vinculis
455 2065 671 2132 coniunxerit.
716 2070 825 2155 Atque
846 2069 952 2132 simile
974 2066 1138 2154 quoddam
1161 2063 1216 2128 de-

104 2169 292 2234 trimentum
319 2165 422 2231 verba
444 2158 590 2254 ᾠκείωτο
610 2165 675 2252 γὰρ
697 2209 740 2218 —-
760 2165 820 2234 τὸν
842 2166 928 2246 Διός
954 2169 1081 2254 cepisse
1101 2166 1216 2230 viden·

104 2281 173 2336 tur:
194 2263 359 2358 ‘pissimo
382 2263 451 2350 γὰρ.
476 2267 524 2354 [ἐκ
547 2271 703 2358 παλαιοῦ]
729 2274 774 2357 τῷ
797 2267 860 2354 μὲν
883 2315 923 2334 ..
951 2318 958 2334 .
982 2318 989 2333 .
1014 2264 1099 2348 πρὸς
1123 2270 1216 2330 Μιλ-

106 2370 240 2456 τιάδην,
268 2373 315 2460 τῴ
345 2367 383 2435 δὲ
410 2366 583 2456 Μιλτιάδῃ
611 2366 695 2454 πρὸς
723 2369 853 2437 Αἰακὸν
879 2369 940 2438 τὸν
959 2365 1073 2446 Διός)
1118 2369 1150 2444 l?
1168 2371 1215 2455 τῴ

106 2484 214 2560 ponet,
242 2474 296 2538 vel
323 2482 396 2536 τοῖν
425 2483 540 2555 γονείν
564 2495 624 2559 pro
646 2477 691 2562 τῴ
721 2475 838 2562 γένει.)
890 2474 1013 2540 Verum
1036 2478 1146 2534 tamen
1174 2492 1215 2532 ne

105 2577 185 2640 haec
207 2575 338 2663 quidem
357 2573 552 2639 emendandi
568 2576 650 2640 ratio
671 2577 798 2641 admitti
815 2585 933 2664 potest,
956 2574 1132 2673 quodcum
1154 2570 1216 2634 lin-

105 2699 190 2763 guae
212 2674 340 2761 legibus
362 2683 541 2762 repugnat,
562 2684 631 2739 tum
651 2679 812 2742 stemmati
834 2677 984 2766 adaptari
1005 2673 1128 2760 nequit.

190 2778 305 2864 Itaque
327 2777 391 2842 fuit
420 2800 492 2842 cum
517 2778 639 2843 nodum
662 2780 772 2865 gladio
790 2781 917 2844 solvere
939 2776 1058 2842 vellem
1080 2774 1217 2838 resectis

105 2879 281 2946 ulcerosis:
309 2873 437 2955 ‘adres
462 2873 560 2962 αὐχεῖ
582 2876 619 2944 td
651 2880 747 2964 γένος
769 2875 793 2966 Ιὁ
819 2872 1038 2963 συγγραφεὺς
1066 2871 1214 2940 ἄνωθεν.

107 2975 251 3070 ᾠκείωτο
279 2975 315 3044 dl
345 2980 408 3066 (sic
432 2979 538 3064 vulg.)
565 2982 602 3046 ἐκ
622 2984 768 3046 τιαλαιοῦ
797 2983 843 3069 spi
869 2981 958 3062 γένει
982 2973 1066 3062 πρὸς
1087 2973 1217 3042 Αἰακὸν

106 3081 166 3149 τὸν
189 3076 303 3159 Arde)
349 3079 415 3146 Sed
437 3090 552 3167 postea
576 3084 661 3166 vidi,
685 3084 822 3150 eandem
844 3083 1055 3163 sententiam,
1082 3078 1217 3144 scholia-

106 3185 157 3251 sta
178 3184 314 3249 Pindari
340 3183 598 3271 Dexopatroque
620 3185 793 3267 adhibitiS,
821 3181 933 3247 verbis
959 3181 1067 3247 dubiis
1088 3180 1218 3244 leniori-

104 3287 167 3352 bus
191 3284 314 3350 artibus
344 3285 452 3372 inflari
477 3307 583 3372 posse.
630 3285 876 3372 ‘Thucydidem
906 3285 953 3349 sic
976 3287 1064 3349 vitae
1089 3305 1218 3347 enarra-

105 3391 228 3455 tionem
249 3387 375 3452 orditur
388 3386 611 3470 Marcellinus,
634 3387 734 3453 Oloro
752 3396 849 3451 natus
873 3395 932 3468 est,
954 3387 1010 3472 qui
1033 3384 1218 3468 cognomini

106 3489 266 3554 Thraciae
287 3488 401 3574 regulo
424 3497 456 3552 et
475 3509 593 3551 nomen
611 3498 643 3552 et
663 3487 795 3552 divitias
817 3510 892 3552 suas
916 3486 1071 3568 debebat,
1091 3507 1133 3548 cx
1151 3485 1217 3548 He-

106 3589 258 3677 gesipyla
284 3598 406 3671 matre,
434 3589 585 3674 idemque
613 3609 774 3675 pronepos
796 3589 860 3653 fuit
875 3587 1034 3653 Miltiadis
1058 3586 1217 3650 Cimonis-

106 3709 185 3776 que,
213 3687 467 3754 clarissimorum
493 3691 753 3776 imperatorum'
805 3689 935 3755 Abhinc
963 3688 1143 3753 orationem
1167 3685 1221 3748 his

106 3792 175 3855 iere
209 3790 321 3855 uerbis
355 3793 563 3856 continuasse
595 3790 823 3855 Marcellinum
861 3799 1117 3856 consentaneum
1153 3794 1219 3849 est:

108 3889 308 3956 ‘Maioribus
343 3905 423 3957 vero
457 3893 563 3957 editus
591 3900 640 3956 est
648 3893 825 3958 1·Aeacidis.
877 3891 1087 3978 Thucydides
1122 3889 1218 3969 enim,

107 4001 142 4058 ut
161 3994 304 4057 diximus
328 3992 413 4079 (velz
437 4002 474 4072 ut
494 4000 624 4057 vetusta
647 3992 736 4056 fama
757 3993 846 4082 fert),
864 3993 1041 4074 Miltiadis,
1064 3990 1118 4054 hic
1139 4007 1219 4054 vero

106 4095 225 4176 Aeaei,
252 4094 382 4158 Aeacus
406 4089 496 4158 Iovis
524 4093 587 4157 init
613 4095 798 4181 progenies.
843 4095 904 4160 His
931 4095 1036 4158 atavis
1059 4092 1220 4176 gloriatur

105 4194 281 4259 historicus
303 4203 430 4259 noster.
480 4189 592 4282 Atque'
618 4193 716 4260 huius
746 4198 795 4261 rei
828 4195 992 4281 Didymus
1024 4201 1138 4257 auctor
1169 4197 1223 4256 est

106 4296 290 4391 Pherecydi
313 4295 535 4364 testimonium
557 4297 789 4365 denuncians'
833 4296 987 4364 Fortasse
1017 4294 1118 4382 igitur
1137 4293 1222 4360 haec
