2812 4868
1239 334 1276 397 21

170 496 363 562 Aristarcho
370 494 579 582 Didymoque
591 494 796 577 dissentiens,
808 498 946 583 qui-fieri
958 502 1107 585 potuerit,
1120 510 1155 565 ut
1166 523 1281 566 vocem

173 594 361 680 δεομηστης
389 597 567 681 significari
595 598 749 662 tineam
772 607 943 682 statueret,
970 602 1006 686 in
1024 603 1195 688 propatulo
1220 612 1279 667 est.

173 698 335 762 Nimirum
357 698 574 785 veriloquium
601 700 915 786 originationemque
937 696 1171 784 ἀπορουμένης
1192 704 1280 768 illiue

173 799 291 876 λέξεως
311 800 487 883 aucupanti
506 821 580 864 oum
600 801 757 864 memoria
777 802 841 886 ipsi
861 803 1059 868 vocabulum
1074 804 1189 868 eadem
1204 814 1283 869 ncta

172 902 338 984 signatum
360 893 514 983 ὠμηστής
535 901 772 987 suppeditaret,
795 903 882 989 quod
905 905 1036 990 quidem
1058 907 1282 989 grammatico-

172 1023 245 1066 rum
268 1001 338 1064 l'ere
360 1003 504 1066 omnium
525 1023 686 1067 consensu
704 1025 722 1066 e
746 1004 881 1069 vocibus
910 997 999 1087 ὠμός
1021 1014 1052 1069 et
1074 1006 1139 1070 ἔδοι
1154 1027 1282 1091 compo-

172 1105 271 1168 situm
302 1123 374 1166 esse
397 1099 539 1186 legeret,
565 1104 672 1186 ipsum
701 1117 837 1190 quoque
852 1106 1034 1191 quaesitum
1055 1105 1137 1170 illud
1158 1108 1282 1189 θερμη-

173 1199 253 1286 orris
273 1202 420 1267 eiusdem
439 1200 584 1267 fabricae
605 1225 677 1268 esse
699 1204 856 1295 facillime
877 1205 940 1271 sibi
962 1208 1133 1292 persuasit.
1173 1209 1282 1293 Atque

172 1304 272 1369 hahet
305 1303 453 1389 profecto
484 1302 548 1366 ista
582 1303 756 1370 derivandi
798 1308 881 1372 ratio
923 1307 1040 1394 quibus
1081 1327 1116 1372 se
1153 1316 1283 1372 tueatur

174 1407 325 1494 quamvis
351 1404 549 1490 paucissima
572 1406 729 1471 nonnulla
749 1418 859 1486 tamen
879 1409 968 1473 haud
989 1407 1153 1494 imperilia
1175 1429 1283 1474 exem·

172 1509 238 1595 pla.
274 1507 320 1572 Ut
338 1506 424 1570 enim
442 1505 578 1572 missurn
598 1507 718 1572 faciam
733 1511 845 1574 tritum
865 1511 957 1594 illud,
980 1510 1021 1574 de
1041 1530 1105 1596 quo
1128 1508 1282 1592 diximus,

173 1605 344 1693 ὥμηστής,
373 1607 478 1694 quode
496 1607 620 1672 videsis
642 1617 750 1682 et.m.
773 1613 834 1675 822
855 1612 962 1697 (745),
994 1610 1173 1674 Herodian.
1195 1633 1282 1695 pros.

172 1713 212 1776 Il.
232 1715 263 1776 A
280 1713 343 1773 454
358 1707 393 1771 Χ
410 1711 449 1771 67
468 1731 501 1793 p.
517 1708 577 1772 266
598 1709 649 1774 ed.
668 1710 782 1776 Lehrs.
798 1712 913 1777 Lehrs.
933 1713 1034 1776 Arist.
1054 1710 1140 1774 stud.
1158 1731 1190 1795 p.
1211 1712 1283 1792 311,

172 1812 328 1899 anonymi
349 1810 528 1874 sententiae
550 1810 663 1876 favent
685 1814 824 1898 primum
842 1807 1023 1897 ἆλφηστής,
1046 1811 1152 1899 quode
1168 1832 1284 1895 nuper-

172 1917 254 1979 rime
283 1912 469 1976 acutissime
497 1921 594 1998 atque
620 1912 746 1976 erudite
774 1922 811 1977 ut
838 1913 921 1977 solet
952 1912 989 1977 Ο.
1012 1913 1051 1975 F.
1076 1912 1283 1976 Hermannus

173 2015 348 2092 edisseruit
369 2014 405 2076 in
425 2011 542 2108 Philol.
565 2013 642 2076 113
664 2036 695 2099 p.
719 2017 866 2078 428-40
888 2016 967 2095 437,
997 2022 1067 2077 tum
1089 2012 1176 2099 quod
1196 2014 1285 2084 idern

173 2123 205 2181 in
220 2115 443 2192 testimonium
458 2115 608 2178 evocavit
622 2113 817 2179 vocabulum
831 2111 954 2197 νήστης
977 2112 1170 2199 (Herodian.
1187 2113 1283 2196 epim.

174 2218 246 2283 ced.
274 2217 351 2280 Per.
379 2217 462 2280 2630
487 2216 523 2278 in
544 2215 653 2279 Bekk.
677 2214 813 2278 snecdd.
835 2214 889 2278 ΙΙΙ
910 2216 990 2277 1402
1008 2214 1050 2278 Α.
1073 2212 1200 2276 Wettin
1218 2212 1284 2276 He-

172 2319 300 2384 rodian.
324 2339 356 2402 p.
380 2318 421 2380 29
444 2315 646 2381 Schneidew.
667 2315 790 2379 Simon.
818 2338 850 2401 p.
874 2318 963 2397 128),
991 2313 1131 2400 denique
1148 2316 1286 2398 βρωμη-

174 2413 253 2501 orric
282 2425 324 2482 et.
350 2441 392 2481 m.
421 2421 500 2500 215,
529 2420 569 2482 58
599 2413 822 2504 (χορτοφάνος
852 2417 956 2480 Ρ1οιι.
983 2416 1086 2481 Μοοι.
1112 2439 1145 2502 p.
1172 2418 1211 2479 98
1229 2415 1284 2500 Β).

175 2519 272 2600 Quod
295 2519 323 2582 si
344 2541 458 2584 verum
476 2518 560 2596 vidit
581 2540 781 2605 anonymus,
803 2539 915 2585 eorum
936 2516 1031 2582 codd.
1051 2518 1285 2599 auctoritatem,

175 2623 230 2708 qui
262 2614 438 2703 ὃερμιστής
467 2619 638 2702 exhibent,
656 2618 854 2700 inferiorem
877 2641 949 2684 esse
975 2617 1160 2683 habendam
1183 2617 1286 2682 altera

175 2718 360 2806 δεημησνης
385 2723 420 2787 in
441 2729 554 2807 aperto
577 2730 641 2802 est,
670 2741 813 2806 veroque
830 2721 978 2807 proxime
1000 2720 1179 2783 accessisse
1201 2717 1283 2782 illud

176 2822 383 2887 librariorum
409 2845 486 2909 par,
515 2823 601 2909 quod
626 2818 826 2905 deprecareris
855 2823 886 2900 (2
901 2816 1101 2906 reppereris)
1130 2818 1184 2883 vol
1205 2819 1285 2902 dsp-

176 2917 335 3024 ματτιστής
352 2939 384 3003 h.
397 2963 425 3004 e.
445 2927 671 3024 δερματηστής
689 2945 856 3004 exaravit:
870 2929 1065 3027 quamquam
1076 2937 1185 3001 nullus
1199 2937 1286 3023 equi-

176 3044 250 3108 dem
268 3041 381 3108 dubito
403 3043 482 3128 quin
503 3050 591 3106 recte
614 3042 822 3106 Hermannus
844 3041 866 3106 l.
884 3063 912 3105 c.
929 3038 1123 3105 iudicaverit
1140 3037 1191 3102 his
1207 3059 1286 3102 usus

175 3143 302 3207 verbis:
339 3143 454 3208 ‘Doch
485 3143 528 3206 ist
558 3164 592 3206 es
625 3143 709 3208 auch
739 3164 775 3206 so
803 3143 895 3207 nicht
920 3141 1038 3206 einmal
1059 3138 1193 3224 noethig
1216 3139 1288 3202 eine

178 3243 372 3331 cigentliche
392 3265 535 3332 syncope
557 3245 790 3325 anzunehmen,
811 3265 866 3307 um
887 3265 945 3307 aus
964 3237 1046 3325 ἄλφι
1064 3241 1133 3304 ιιιιι1
1155 3241 1213 3304 der
1235 3261 1288 3302 en·

177 3345 267 3432 dung
297 3342 399 3429 ηστής
422 3345 476 3409 die
498 3346 596 3410 Form
616 3339 788 3426 ἀλφηστής
806 3343 1033 3427 hervorgehen
1053 3365 1094 3405 zu
1116 3340 1225 3405 lassen
1247 3379 1289 3390 -

177 3448 236 3510 wie
259 3446 362 3510 selbst
382 3447 440 3512 das
459 3446 556 3532 obige
578 3443 764 3529 δερμηστής
792 3444 877 3509 ohne
897 3440 1202 3506 dazwischenkunit
1223 3463 1289 3504 von

179 3545 406 3631 δερμαιηοτής
438 3547 584 3634 gebildet
610 3549 683 3612 ist.'
730 3546 803 3626 Qua
834 3547 868 3609 in
892 3565 1009 3608 caussa
1035 3543 1162 3608 iuvabit
1192 3543 1289 3607 etism

177 3650 433 3714 Valckenarium
459 3647 637 3713 contulisse
660 3648 703 3713 ad
724 3646 848 3712 Herod.
874 3645 959 3710 VIII
977 3648 1028 3727 95,
1057 3655 1093 3710 ut
1116 3646 1202 3710 idem
1224 3666 1290 3708 mo-

178 3751 277 3816 nebat
299 3751 411 3815 Herm.
435 3751 457 3815 l.
481 3773 509 3814 c.
529 3773 561 3835 p.
581 3753 654 3815 437.
700 3749 781 3831 Sed,
803 3757 838 3812 ut
858 3748 943 3811 hanc
963 3735 1116 3811 vocabuli
1135 3748 1290 3810 intrican-

178 3855 219 3917 tis
249 3853 501 3937 originationem
528 3861 616 3916 tuam
645 3851 777 3933 feceris,
812 3848 891 3937 quid
913 3850 977 3912 iam
998 3870 1119 3936 quaeso
1141 3847 1197 3911 fiet
1217 3849 1291 3912 voci

180 3951 480 4038 σακκοδερμιστής,
514 3975 534 4016 e
557 3951 717 4038 Sophocle
744 3951 779 4014 in
799 3949 911 4014 Troilo
944 3957 1120 4036 usurpatae
1152 3946 1290 4011 testibus

180 4058 260 4122 Hes.
284 4079 309 4120 s.
325 4078 358 4120 v.
378 4065 410 4120 et
425 4055 519 4118 Phot.
543 4056 649 4135 497,3
673 4046 1100 4138 iEsuxodsppqcrrig·
1125 4044 1207 4128 ὅφιν
1228 4043 1292 4110 σά-

181 4183 237 4237 κος
257 4160 347 4241 ἔχον,
368 4157 403 4220 ol
422 4143 458 4221 dl
481 4152 636 4238 σκώληκα
658 4151 810 4236 παρόσον
825 4147 1003 4235 despiceris
1018 4140 1126 4226 οὗτος.
1159 4147 1293 4232 βέλτιον

182 4259 216 4325 dl
238 4257 301 4325 τόν
322 4260 471 4341 χαλκοῦν
492 4258 609 4339 ἔχοντα
630 4255 734 4340 δέημα
753 4263 856 4318 νοεῖν.
892 4246 970 4315 ὡσεὶ
995 4251 1086 4332 ἔλεγε
1112 4249 1292 4332 χαλκοδερ-
