2894 4890
213 383 273 444 178
673 377 875 438 -A-

298 552 370 612 215.
395 541 486 629 πρό·
510 537 618 618 οὕτως
639 539 739 624 χωρὶς
761 545 823 606 τοὺ
847 557 876 604 σ.
900 543 942 606 A.
1318 581 1319 586 κ

292 653 365 713 241.
384 643 594 728 Ἀρίσταρχος
615 637 636 726 ἢ
660 639 882 728 ὀνόσασθ’,
900 643 1093 728 ἐμίμψασθε
1113 647 1167 710 καὶ
1184 646 1329 731 ἐξεφάν-

212 758 363 819 λίσασθε.
382 745 539 836 βούλεται
562 743 599 810 δὲ
620 746 741 828 λέγειν,
764 745 836 829 ἐμοὶ
858 743 1154 830 σνλλνπησόμενοι
1177 751 1233 821 καὶ
1252 745 1328 833 οὐχὶ

212 855 350 930 ἕκαστος
372 855 460 917 ίδιον
482 845 588 916 κακὸν
610 849 734 931 νομίζει
757 842 819 930 τὴν
831 843 989 930 Ἕκτορος
1012 843 1191 915 άπεόλειαν.
1213 851 1255 916 A.

295 974 367 1038 253.
397 965 629 1054 κατηφόνες
650 1007 693 1015 -
714 961 822 1042 οὕτως
840 963 1067 1050 Ἀρίσταρχος,
1096 967 1151 1033 καί
1173 963 1324 1052 άμεινον.

210 1081 345 1162 θηλνκῇ
373 1075 437 1158 γὰρ
471 1073 678 1155 προσηγορίᾳ
718 1064 881 1133 ὀνειδίσαι
915 1067 995 1146 τούς
1021 1066 1118 1147 οίοός
1145 1066 1325 1155 ἠθέλησεν,

121 1255 122 1259 ¹
211 1177 314 1244 οίονεὶ
336 1175 524 1258 κατήφειαι.
548 1167 682 1254 Κράτης
704 1169 819 1252 μέντοι
838 1171 1043 1254 κατηφέες
1064 1168 1196 1255 γράφει.
1220 1174 1262 1236 Α.

298 1282 369 1343 269.
392 1271 456 1341 οὐκ
475 1266 518 1358 ἦν
542 1271 631 1355 παρὰ
650 1269 831 1358 Ζηνοδότφ
854 1267 871 1335 ὁ
893 1275 1012 1362 στίχος.
1034 1273 1075 1337 A.

295 1383 367 1444 292.
396 1373 522 1459 ταχύν
543 1414 585 1426 -
607 1373 644 1438 ἐν
666 1369 756 1460 ἄλλῳ
779 1369 858 1438 ἑόν.
895 1376 1018 1461 Recepi
1039 1375 1127 1462 quod
1149 1375 1325 1442 Nicanoris

210 1482 357 1548 scholion
376 1479 575 1561 adiungitur.
598 1477 650 1540 Of.
672 1479 744 1539 310.

298 1598 382 1694 [304.
407 1589 703 1679 ἡΜασσαλιωτικὴ
726 1595 847 1676 ταμίη
870 1589 1132 1678 μετάχερσὶν
1152 1596 1325 1677 ἔχουσα,

212 1693 269 1763 διὰ
297 1694 335 1763 τό
361 1693 405 1780 μὴ
437 1698 591 1778 εἰρῆσθαι
615 1700 682 1759 νῦν
709 1693 869 1777 συνήθως
897 1689 988 1783 αὐτῷ
1010 1695 1153 1762 ἐπὶτῶν
1175 1691 1325 1778 ὑδάτων,

209 1793 284 1865 ἀλλ’
309 1797 362 1863 ἐπὶ
384 1800 446 1861 τοῦ
465 1791 609 1873 σκεύους
637 1793 682 1861 τά
704 1795 894 1880 χέρνιβα·
918 1799 949 1860 εί
968 1793 1013 1880 μὴ
1037 1787 1101 1881 oica
1124 1797 1244 1874 ε’νικεός
1267 1796 1325 1860 ἐν-

209 1897 296 1966 θάδε
317 1897 484 1983 γραπτέον
505 1896 707 1981 χέρνιβον
729 1891 977 1981 ἀμφίπολος.
1001 1899 1055 1988 V.]
1242 1979 1243 1982 Ἴ

293 2004 365 2070 320.
388 1999 540 2074 πόλεος
562 2020 614 2079 χρ.
638 1995 794 2074 πόλιος.
817 2000 859 2062 A.
884 1997 1016 2064 Deinde
1037 1999 1192 2064 Nicanor.

294 2104 366 2166 332.
388 2097 666 2182 προφανέντε·
690 2095 727 2162 ἐν
747 2103 786 2186 τῇ
811 2105 873 2186 Χία
896 2098 1141 2186 καταβάντε.
1165 2103 1207 2165 A.

290 2205 362 2266 341.
386 2195 494 2275 οὕτως
515 2195 572 2264 διά
594 2201 656 2262 τοῦ
678 2222 696 2262 ο
717 2203 856 2280 φέρον.
880 2203 921 2266 A.
952 2285 954 2288 Ι
1085 2209 1086 2212 ’

297 2306 368 2367 344.
392 2297 500 2378 οὕτως
518 2295 740 2384 Ἀρίσταρχος,
762 2299 898 2368 ἐθέλει
921 2297 976 2368 διά
999 2307 1062 2367 τοῦ
1083 2327 1106 2367 ε.
1131 2304 1168 2366 αί
1187 2299 1224 2366 δὲ
1247 2326 1324 2368 κοι-

211 2402 265 2468 ναὶ
288 2397 344 2467 διά
367 2405 429 2466 τοῦ
451 2426 471 2485 η
495 2401 605 2487 ἐθίλη.
628 2401 670 2466 A.
1138 2489 1139 2494 η

293 2509 365 2570 373.
398 2498 508 2580 οὕτως
527 2499 583 2568 διά
605 2507 668 2567 τοῦ
691 2525 715 2566 π
737 2497 849 2567 οὕτω
877 2527 947 2590 πη,
973 2507 1010 2571 ἐν
1032 2506 1072 2571 δέ
1090 2523 1157 2572 τισι
1180 2502 1236 2571 διά
1260 2511 1325 2571 τοῦ

191 2626 228 2694 ,δ
250 2619 383 2699 οὕτως
404 2618 461 2705 δή.
484 2623 525 2685 A.

291 2727 364 2789 486.
390 2723 442 2787 Cf.
468 2722 569 2786 schol.
593 2721 714 2808 Odyss.
738 2744 759 2783 α
777 2724 850 2785 413.

291 2845 363 2906 512.
385 2841 577 2926 Ζηνόδοτος
597 2839 634 2914 δὲ
656 2829 835 2926 στεναχη
858 2835 913 2902 διά
940 2843 1001 2903 τοῦ
1025 2841 1188 2928 εχράφει.
1223 2842 1321 2908 ἐκπί-

80 2941 86 2950 ’
206 2964 280 3007 πτει
309 2941 346 3006 δὲ
375 2938 415 3007 τά
444 2937 499 3024 διά
523 2947 587 3006 τοῦ
617 2965 631 3006 ε
660 2939 789 3027 ῥήματα
813 2940 851 3005 ἐν
878 2953 946 3018 τοῖς
972 2937 1135 3026 ὀνόμασιν
1158 2947 1204 3021 είς
1226 2941 1265 3008 τό
1290 2970 1320 3027 ο,

207 3041 291 3122 λέγω
317 3038 427 3124 λόγος,
449 3041 538 3124 μένω
561 3037 659 3125 μονή,
682 3035 790 3117 οὕτως
813 3040 969 3117 στενάξαι,
988 3039 1142 3123 στοναχή.
1162 3044 1204 3107 Α.
1242 3043 1319 3106 Nisi
1393 3049 1397 3057 '

207 3151 283 3205 ante
305 3139 496 3225 Ζηνόδοτος
519 3145 641 3208 excidit
663 3137 715 3207 ότι
736 3154 768 3208 et
787 3143 933 3208 scholion
955 3142 1134 3206 Aristonici
1158 3154 1217 3208 est.

291 3262 363 3324 518.
385 3254 494 3336 οὕτως
511 3254 721 3343 Ἀρίσταρχος
743 3254 831 3326 κάκ’
856 3254 1016 3342 άνσχεο.
1036 3260 1077 3323 A.

295 3365 367 3424 546.
386 3355 597 3443 Ἀρίσταρχος
619 3355 686 3423 σὺν
707 3365 753 3450 τῷ
777 3385 799 3424 ν
821 3365 875 3425 τώ
882 3385 903 3425 ν
923 3360 974 3425 σε’.
998 3362 1039 3425 Α.

294 3465 367 3523 557.
391 3461 444 3524 01.
467 3460 585 3545 fragm.
608 3471 687 3526 cert.
710 3463 779 3528 sed.
802 3487 834 3548 p.
861 3464 930 3525 112.

292 3550 491 3638 —wodrosd
516 3564 626 3644 στίχος
648 3556 710 3645 οὐχ
733 3557 859 3646 εὑρέθη
882 3565 920 3626 ἐν
945 3565 990 3648 τῷ
1012 3565 1151 3649 παλαιῷ.
1174 3562 1216 3626 A.

288 3666 361 3726 565.
384 3663 447 3739 ἔξω
466 3666 529 3736 τοῦ
550 3686 571 3726 ν
594 3657 612 3726 ὁ
633 3666 678 3728 κε’
698 3661 895 3749 σύνδεσμος.
917 3665 958 3728 A.

287 3783 358 3844 566.
383 3778 501 3857 ε’νικοός
523 3781 559 3845 δὲ
582 3775 695 3865 όχηα.
718 3784 760 3846 A.
786 3783 838 3848 Of.
863 3789 900 3846 Ψ
917 3786 989 3846 307.
1010 3781 1091 3846 ibid.
1114 3775 1216 3844 οὐδὲ
1237 3779 1318 3865 γάρ

202 3877 267 3945 ἄν·
289 3881 327 3944 ἐν
348 3876 437 3968 άλλφ
460 3876 508 3944 οὔ
516 3905 557 3945 τε
579 3878 654 3964 γάρ
675 3877 733 3946 ἄν.
758 3883 854 3964 Quod
869 3883 1068 3968 Didymeum
1083 3881 1223 3966 videtur,
1243 3905 1319 3948 cum

204 3983 383 4046 Aristonici
405 3983 545 4046 addatur
568 3983 765 4050 observatio.

286 4083 358 4145 584.
393 4082 431 4144 ἔν
452 4098 518 4146 τισι
538 4080 662 4147 κότον
685 4079 999 4168 οόκατερόκει·
1033 4079 1174 4169 ’άμεινον
1197 4085 1234 4151 δὲ
1256 4084 1318 4169 χό-

195 4185 271 4243 λον.
294 4182 336 4244 Α.
365 4182 461 4246 Adde
482 4183 524 4247 V.
542 4177 668 4262 Ῥιανός
689 4183 886 4270 κόλον,οί
904 4183 941 4251 δὲ
959 4186 1094 4253 κόπον
1110 4185 1176 4252 κτὲ.

284 4285 355 4346 604.
378 4284 489 4360 νίίες
511 4284 674 4370 γράφεται
698 4288 753 4352 καὶ
773 4290 901 4366 νίεῑς·
926 4291 1027 4372 διχῶς
1043 4279 1117 4366 σόν.
1141 4290 1184 4353 A.
1278 4299 1281 4308 ’
