2866 4882
234 371 296 436 284

233 543 291 623 της
311 540 527 617 διδασκαλίας
547 523 589 604 ού
611 539 783 623 μέμνηται.
819 538 862 604 ἐν
885 537 928 603 δὲ
951 539 1083 618 ἐνίοις
1102 544 1184 606 τῶν
1206 549 1356 628 σχολι-

234 645 318 707 κῶν
347 635 662 725 ὑπομνημάτων
693 641 822 728 (Lehrs.
852 641 911 706 Ar.
940 641 994 727 21)
1026 643 1121 707 ταυτὶ
1149 644 1353 729 γέγραπται·

234 751 314 822 ίσως
339 738 356 808 ὁ
387 742 575 827 Λικύμνιος
601 739 778 826 ἐνεπύρισε
806 746 910 807 τινῶν
937 745 1052 820 οἰκίας.
1103 744 1149 809 ἐν
1184 746 1229 811 δὲ
1262 759 1354 827 τοϊς

233 843 615 928 ἐπιγεγραμμένοις
632 839 916 908 Ἀπολλωνίου
937 849 1043 910 ταῦτα
1064 846 1268 931 γέγραπται·
1301 857 1351 935 είη

232 942 265 1012 δ’
290 946 334 1011 ἅν
364 954 395 1011 et
424 969 456 1033 q.
481 969 507 1012 s.
553 945 618 1026 Qui
640 945 731 1010 locus
755 943 833 1008 licet
854 967 874 1008 e
896 947 1024 1010 mendis
1047 969 1112 1013 non
1135 953 1241 1036 magis
1266 951 1350 1017 liber

231 1053 283 1132 sit,
306 1070 403 1136 quam
420 1047 606 1134 Hesychius
629 1069 655 1111 s.
666 1069 699 1111 v.
713 1049 912 1129 Λικυμνίαις
933 1051 1049 1131 βολαῖς
1067 1071 1110 1114 ox
1130 1053 1246 1117 eodem
1261 1053 1351 1118 fonte

231 1151 379 1216 hausisse
398 1150 571 1237 putandus,
593 1148 646 1212 hic
661 1157 771 1212 tamen
787 1149 857 1232 ipse
877 1169 948 1212 cum
966 1149 1135 1237 Hesychio
1152 1155 1224 1218 sive
1241 1154 1349 1220 lexico

232 1254 370 1340 Didymi
392 1253 516 1318 comico
543 1271 722 1314 consensus
744 1246 875 1312 abunde
897 1251 1020 1314 evincit
1050 1260 1082 1316 et
1104 1254 1221 1318 scholii
1237 1264 1351 1320 aucto-

231 1379 299 1420 rem
323 1377 394 1419 esse
415 1362 562 1419 nostrum
584 1360 616 1416 et
635 1351 678 1415 ab
700 1351 762 1414 hoc
785 1352 937 1436 usurpari
957 1347 1002 1416 τὰ
1020 1346 1257 1437 ὑπομνήματα.
1281 1357 1348 1420 Me-

231 1460 333 1522 i01·em
353 1457 452 1521 etiam
474 1456 542 1519 vim
561 1462 658 1539 atque
676 1454 903 1517 auctoritatem
924 1455 967 1518 ad
986 1454 1192 1540 probandum
1210 1457 1246 1520 id
1262 1458 1349 1542 quod

231 1561 374 1625 diximus
396 1557 508 1639 hebet,
533 1557 610 1642 quia
634 1555 704 1620 sine
726 1554 905 1619 offensione
934 1555 1069 1640 legitur,
1095 1557 1197 1622 schol.
1222 1558 1345 1646 Vespp.

233 1665 293 1725 564
313 1658 404 1748 (542)
427 1653 726 1742 θαλλοφόροι·
761 1654 799 1719 ἐν
821 1665 890 1730 τοῖς
911 1651 1150 1741 ὑπομνήμασιν
1176 1653 1269 1722 οὕτω
1293 1660 1349 1742 γε’-

231 1783 392 1845 γραπται·
426 1755 641 1842 θαλλοφόροι
663 1752 738 1822 άντὶ
757 1760 819 1822 τού
842 1753 994 1840 ἐργάται·
1015 1755 1180 1826 θαλλόν
1202 1755 1236 1824 τ’
1260 1761 1349 1843 ἐρί-

231 1879 352 1946 φοισι
382 1865 584 1945 φορῆναι·
620 1862 654 1925 ol
679 1855 743 1945 γάρ
771 1859 926 1942 γέροντες
952 1854 1001 1924 τὰ.
1020 1864 1159 1925 τοιαύτα
1188 1862 1226 1926 ἐν
1255 1857 1349 1950 ἀγρῷ

232 1965 482 2045 οίκονομούσιυ.
529 1957 676 2047 εὐχερεῖς
699 1961 732 2025 δ’
761 1959 845 2025 εἰσὶν
871 1959 947 2044 περὶ
970 1949 1019 2024 ῶν
1041 1962 1148 2045 μηδὲν
1169 1965 1270 2047 ἔσχον
1285 1982 1348 2030 σα-

231 2063 292 2149 φὲς
327 2065 462 2150 (εἰπεῖν)
497 2058 808 2148 αύτοσχεὸιάζοντες
843 2061 948 2148 (vulg.
983 2056 1153 2150 ιἰποσχεδ.)
1185 2072 1217 2128 et
1252 2089 1283 2152 q.
1319 2089 1345 2130 s.

231 2167 429 2249 doctissima,
451 2165 619 2252 Hesychio
638 2164 725 2230 haud
746 2166 859 2248 ignote
880 2160 1121 2247 θαλλοφόρους
1142 2160 1227 2247 πρὸς
1243 2159 1347 2231 οὐδὲν

231 2265 312 2335 άλλο
335 2269 518 2351 χρησίμους
540 2260 561 2351 ἢ
585 2262 669 2350 πρὸς
690 2261 727 2330 τό
752 2263 894 2330 θάλλειν
918 2264 1205 2352 (Ῡθαλλοφορείν.ι
1221 2266 1345 2331 Meurs.

230 2369 368 2436 Panath.
385 2371 425 2432 33
447 2363 508 2432 τὸν
522 2365 679 2454 θαλλόν).
704 2367 796 2431 Idem
817 2367 977 2431 iudicium
1000 2367 1185 2432 efficeretur
1207 2389 1225 2430 e
1243 2367 1345 2432 schol.

230 2474 455 2557 Vespp.1003
479 2469 582 2556 (962),
605 2470 670 2532 nisi
688 2468 892 2555 Hesychium
916 2493 941 2534 s.
953 2491 987 2534 v.
1010 2465 1169 2553 τραχήλια
1194 2490 1347 2532 mancum

229 2573 433 2638 haberemus.
489 2570 690 2635 Scholiastae
725 2570 828 2634 verbe
858 2579 933 2633 sunt
965 2570 1010 2633 ἐν
1038 2580 1125 2646 τοῖς
1152 2563 1347 2653 ὑπομνη-

216 2683 328 2758 ’μασι
358 2671 402 2737 δὲ
433 2671 615 2758 γέγραπται
644 2669 720 2756 περὶ
749 2674 818 2735 τῶν
839 2674 1025 2754 τραχηλίων
1048 2665 1171 2747 οὕτως·
1196 2665 1237 2734 τὰ
1259 2666 1345 2735 ἄπο-

228 2770 418 2860 βαλλόμευα
433 2777 502 2837 τῶν
522 2768 629 2858 ὄψων,
651 2767 696 2850 ῶς
710 2767 812 2857 μικρά
827 2772 1010 2850 κλίνοντος
1028 2767 1144 2836 αὐτού.
1167 2768 1344 2856 πεπλάνη-

228 2902 281 2943 ται
311 2876 358 2941 ὃέ.
400 2877 469 2939 ἔστι
492 2872 528 2939 δὲ
550 2872 730 2959 τραχηλιύν
752 2898 783 2938 τι
805 2868 913 2958 βραχύ
935 2873 1072 2956 τελέως,
1106 2873 1344 2957 παραπλήσιον

230 2988 298 3050 τοῖς
326 2978 516 3059 κυρηβίοις,
551 2976 701 3040 τουτέστι
730 2973 900 3059 πιτύροις,
933 2985 1002 3050 τοῖς
1030 2968 1096 3038 άπὸ
1119 2978 1188 3038 τῶν
1210 2979 1344 3057 κριθῶν

228 3071 476 3160 ἀποβρέγμασι,
505 3087 573 3153 τοῖς
600 3071 746 3160 ἀχύροις.
792 3078 892 3141 Forte
920 3086 1030 3140 tamen
1058 3076 1190 3140 fortune
1220 3075 1345 3141 factum

230 3185 294 3259 est,
317 3183 352 3240 ut
371 3174 452 3238 Hes.
476 3199 502 3240 s.
515 3200 547 3241 v.
571 3175 733 3262 κυρήβια·
757 3177 861 3264 (vulg.
886 3178 1035 3263 κυρίβια)
1058 3180 1127 3262 ηῶυ
1149 3183 1282 3262 κριθῶν
1303 3177 1344 3242 τὰ

228 3271 464 3359 άποβρέγματα
483 3285 557 3363 epte
579 3277 643 3341 huc
664 3281 846 3364 comparari
867 3288 988 3364 posset.
1022 3277 1096 3358 Qua
1118 3277 1228 3342 oblata
1252 3301 1344 3344 oeca-

228 3378 319 3440 sione
346 3396 461 3439 moneo
491 3399 610 3444 nomen
643 3401 771 3466 quoque
796 3383 981 3463 Κυρηβίων
1007 3381 1041 3442 in
1066 3378 1173 3443 lexico
1206 3380 1345 3467 Didymi

228 3478 353 3541 comico
384 3478 548 3542 exstitisse
575 3479 693 3543 videri.
737 3479 833 3543 Hanc
859 3481 945 3543 enim
969 3481 1004 3544 in
1026 3482 1223 3544 sententiam
1244 3483 1344 3546 inter·

227 3587 337 3664 pretor
352 3578 512 3664 Harpocr.
529 3585 596 3664 117,
612 3582 651 3642 25
669 3578 723 3644 καὶ
746 3579 783 3644 ἐν
805 3575 918 3656 ἄλλοις
932 3577 1125 3662 δεδήλωται.
1151 3581 1203 3644 Of.
1216 3581 1340 3647 Alexin

226 3680 347 3745 Athen.
360 3681 410 3745 VI
421 3703 453 3766 p.
466 3682 527 3742 242
535 3680 577 3763 D,
600 3690 637 3745 ut
657 3690 851 3745 nosternon
871 3681 968 3745 modo
990 3681 1025 3744 in
1044 3685 1277 3749 commentario
1299 3686 1341 3749 ad

226 3780 396 3847 Demosth.
416 3781 457 3845 de
479 3780 553 3844 fals.
577 3780 641 3866 leg.
661 3787 734 3863 433,
758 3784 794 3843 21
816 3780 871 3844 vel
892 3784 1133 3847 commentariis
1156 3784 1338 3869 rhetoricis,

226 3884 284 3947 sed
305 3881 341 3945 in
361 3881 468 3945 lexico
491 3882 589 3946 etiem
603 3885 727 3947 comico
743 3882 784 3946 de
799 3903 871 3946 voc.
890 3886 1074 3967 Κυρηβίων
1088 3884 1220 3948 dixerit.
1245 3885 1338 3966 Quae

225 4005 300 4047 cum
327 3981 374 4044 ite
398 3981 478 4063 sint,
505 4004 571 4047 non
602 3982 715 4048 dubito
746 3983 824 4068 quin
847 3983 889 4047 ud
908 3992 1054 4048 nostrum
1077 3984 1251 4051 referendo
1273 3991 1338 4052 sint

226 4083 324 4146 etiam
360 4080 473 4146 scholl.
505 4083 566 4147 Ar.
595 4083 682 4146 Avv.
713 4085 770 4146 281
808 4082 896 4167 (coll.
930 4086 1010 4146 1242
1040 4090 1091 4167 είη
1122 4080 1156 4148 δ’
1180 4078 1223 4149 dv
1246 4077 1336 4169 οὖν).

224 4183 296 4245 283.
314 4184 374 4244 556
399 4181 487 4267 (coll.
500 4183 622 4267 Vespp.
636 4185 697 4245 564
719 4181 924 4263 ἐσχεδίασται
948 4179 979 4247 d'
1001 4179 1063 4248 ὑπ’
1088 4179 1228 4266 αύτῶν).
1255 4191 1335 4251 1075

223 4278 311 4356 Plut.
337 4281 399 4343 385
421 4279 546 4366 Vespp.
565 4284 637 4346 343.
659 4283 721 4344 352
743 4284 919 4370 praecipue
941 4305 1014 4348 cum
1040 4285 1140 4350 schol.
1163 4286 1223 4350 Ar.
1246 4287 1333 4364 Avv.
