2752 4890
608 427 651 438 -·
694 393 732 454 H
770 425 812 441 --
1191 393 1246 456 131

228 560 299 621 127.
322 545 453 622 Friedl.‘
468 558 646 624 Aristonio.
669 583 700 646 p.
727 561 797 624 129.

228 663 297 724 136.
321 663 447 743 φίλας
469 653 544 723 άνά
570 671 729 742 χεῖρας·
758 659 796 724 ἐν
816 671 886 738 ταῖς
907 660 1141 745 ἐξητασμέναις
1160 657 1249 745 Ἀρι-

139 758 287 843 στάρχου
306 765 487 845 βαρείας
508 771 669 846 χεῖρας,
696 756 754 839 τάς
784 764 1013 847 βεβαρημένας
1040 757 1108 828 ὑπὸ
1139 761 1250 847 χήρας

138 866 206 926 νῦν
228 863 282 926 καὶ
300 859 535 946 δυσκινήτους.
575 858 778 945 άλλαχοάδὲ
803 861 861 941 τάς
885 865 1074 950 ἐρρωμένας
1101 870 1250 950 βαρείας

137 973 249 1048 χείρας
269 963 441 1030 ἐποίσειν.
465 965 520 1052 (Il.
542 967 574 1028 A
590 965 710 1052 89)A.

226 1069 295 1128 145.
320 1059 587 1150 άποφθάς·-
545 1062 815 1150 -Ἀρίσταρχος
830 1065 869 1131 δέ
882 1082 963 1184 φησι
980 1062 1073 1134 καλ’
1055 1064 1248 1152 αναστάς,

140 1159 215 1232 οἷον
238 1165 274 1232 ἐκ
297 1166 400 1253 λόχου
417 1162 572 1244 άυαστάς.
594 1170 635 1232 A.

227 1273 297 1334 146.
319 1266 528 1354 τεάχεαδ’
552 1265 783 1354 ἐξενάριξε·
805 1264 913 1347 οὕτως
936 1265 1159 1354 Ἀρίσταρχος,
1187 1267 1249 1336 άλ-

138 1376 192 1436 λοι
216 1369 253 1436 δὲ
276 1365 333 1436 διά
352 1375 414 1437 τοῦ
436 1373 494 1456 τέ,
517 1369 705 1454 τεάχεατ
711 1351 968 1453 ’ἐξενάριξε
993 1373 1072 1435 A.

226 1477 295 1537 171.
316 1470 578 1539 πεπάλασθε·
607 1467 715 1549 οὕτως
736 1468 946 1556 Ἀρίσταρχος
974 1471 1028 1537 καὶ
1043 1469 1248 1561 Ἡρῳδιαυός

138 1569 195 1638 διά
214 1577 278 1638 τοῦ
299 1591 320 1639 σ
340 1573 606 1659 πεπάλασθε,
627 1567 669 1638 οὐ
692 1570 748 1638 διά
769 1577 832 1638 τοῦ
852 1598 880 1658 χ.
903 1576 955 1658 Α,
977 1574 1020 1639 of.
1043 1580 1071 1639 Z
1092 1578 1164 1640 266.

226 1679 295 1742 186.
330 1678 446 1761 δοχαῖς,
476 1671 565 1742 ἀλλ’
600 1670 667 1741 ὅτε
696 1673 743 1760 δή
771 1671 803 1762 ρ’
827 1676 974 1742 ἵκοντο
996 1672 1157 1744 καὶάλλ’
1181 1673 1248 1743 ὅτε

139 1775 186 1860 δή
209 1774 282 1843 τὸν
300 1779 434 1843 ἵκανε.
454 1778 495 1843 A.
518 1778 570 1843 Cf.
594 1778 632 1842 B.
657 1781 729 1841 517.
752 1781 866 1843 Λ142.
885 1783 942 1842 171
967 1783 998 1844 Ε
1016 1782 1085 1845 132.
1102 1783 1171 1845 181.
1186 1784 1247 1845 787

137 1883 239 1946 Ζ76.
265 1882 323 1944 113
347 1884 376 1944 Θ
401 1882 461 1942 311
486 1879 502 1943 Ι
525 1883 555 1943 7.

225 1982 295 2045 192.
312 1975 523 2064 Ἀρίσταρχος
544 1979 675 2065 δάνον,
697 1975 792 2046 άλλοι
813 1980 850 2045 δὲ
872 1978 967 2046 δύω.
991 1982 1032 2046 A.

224 2081 294 2144 197.
317 2077 527 2164 Ἀρίσταρχος
549 2077 605 2146 διά
627 2084 689 2146 τοῦ
713 2087 732 2145 λ
752 2078 864 2147 ἐλάα.
888 2081 930 2146 A.

225 2184 296 2246 198.
323 2178 379 2247 διὰ
403 2187 465 2248 τοῦ
486 2209 498 2248 ι
525 2177 614 2266 ελχου
644 2184 681 2247 αί
696 2178 922 2267 Ἀριστάρχου.
949 2177 970 2265 ή
993 2182 1030 2247 δὲ
1049 2178 1249 2268 Ἀριστοφά-

136 2305 220 2358 νους
240 2278 340 2347 οὐδὲ
360 2281 433 2368 μὲν
456 2285 599 2370 ίδρείη.
622 2279 788 2369 ήθέτηντο
811 2281 848 2350 δέ
868 2284 923 2348 καὶ
940 2283 1030 2368 παρά
1047 2278 1247 2368 Ἀριστοφά-

108 2375 112 2380 ’
138 2407 189 2448 νει
211 2381 267 2449 καλ
283 2383 473 2472 Ζηνοδότῳ.
494 2385 535 2450 A.
918 2375 921 2380 ¹

222 2487 293 2549 213.
317 2481 425 2563 οὕτως
446 2482 656 2610 Ἀρίσταρχος
677 2483 808 2571 βιβάς.
830 2484 872 2549 A.

222 2589 294 2650 214.
315 2579 493 2672 Ἀργεῖοι
515 2611 589 2672 μεχ
588 2582 812 2673 ’ἐγήθεον
836 2581 1046 2672 Ἀρίσταρχος
1068 2579 1247 2686 Ἀργεῖοι

135 2685 212 2772 μέυ
232 2685 423 2771 ἐγήθεον
456 2686 498 2752 A.

222 2789 295 2852 238.
317 2790 415 2873 βῶν·
449 2786 556 2867 οὕτως
583 2790 619 2855 αἱ
642 2785 859 2874 Ἀριστάρχου
884 2792 969 2873 βων
997 2782 1063 2853 σάν
1094 2791 1143 2882 tq}
1161 2814 1191 2853 υ.
1226 2785 1247 2874 ή

134 2883 397 2975 Ἀριστοφάνους
419 2893 535 2974 βοῦν.
575 2912 628 2955 τιν
630 2889 720 2968 λέςδ
744 2891 806 2968 ἐξιο
826 2893 888 2954 τοῦ
910 2913 930 2953 υ
949 2891 1022 2974 βῶ,
1046 2890 1100 2954 καί
1119 2886 1248 2975 μήποτε
1280 2883 1284 2889 ’

140 2993 303 3074 πιθανοῖς,
326 2985 401 3055 άντλ
419 2994 480 3056 τοῦ
504 2987 581 3076 βόα.
600 2991 642 3058 Α.

222 3094 295 3155 241.
324 3093 424 3180 δηΐῳ
455 3089 686 3176 μέλπεσθαι
711 3084 842 3175 ”·Αρηί
875 3053 1084 3176 Ἀρίσταρχος
1114 3088 1180 3157 σάν
1203 3095 1249 3181 τῷ

138 3217 157 3256 υ
179 3194 312 3276 δηίων
333 3195 580 3277 πληθυντικῶς.
603 3191 646 3256 A.

223 3295 296 3356 272.
316 3287 541 3377 Ἀρίσταρχος·
565 3287 703 3356 ἀσπίδ’
726 3291 1000 3377 ἐνιχριμφθεί
1005 3319 1030 3371 ς.
1059 3295 1100 3360 A.

223 3387 338 3472 [αἶψ’·
361 3389 469 3471 οὕτως
494 3388 703 3477 Ἀρίσταρχος
724 3387 788 3458 οὐκ
806 3387 868 3471 άψ.
914 3397 1006 3479 χρεία
1035 3394 1099 3482 γὰρ
1128 3392 1249 3478 τάχους

140 3495 220 3581 πρὸς
237 3492 299 3580 τήν
321 3498 497 3576 σωτηρίαν.
522 3495 577 3572 V.]

221 3599 294 3661 364.
314 3589 521 3682 ἐϋτμήτῳ·
543 3589 752 3680 Ἀρίσταρχος
773 3591 829 3660 διά
851 3599 912 3661 τοῦ
934 3619 954 3662 ιι
976 3591 1173 3683 ἐϋκμήτῳ.
1206 3597 1248 3660 A.

187 3720 191 3726 ·
222 3700 294 3762 336.
314 3691 539 3780 Ἀρίσταρχος·
561 3691 720 3781 τύμβον
741 3692 772 3762 τ’
798 3691 915 3780 άμφί,
939 3692 995 3761 διά
1017 3699 1078 3786 τοῦ
1100 3721 1125 3760 τ.
1147 3697 1190 3761 A.
1230 3751 1234 3764 ,

222 3801 295 3863 353.
316 3791 527 3879 Ἀρίσταρχος
545 3791 782 3863 ἐκτελέεσθ’
806 3799 875 3864 ἵνα
899 3790 950 3860 άν
969 3794 1030 3881 μή.
1058 3798 1100 3861 A.

224 3900 295 3962 369.
327 3897 364 3961 εί
391 3890 425 3960 δ’
453 3892 589 3961 ἐτεόν·
617 3892 725 3976 οὕτως
752 3893 963 3982 Ἀρίσταρχος
993 3900 1030 3963 εί
1055 3891 1089 3961 δ’
1121 3894 1249 3979 ἐτεόν,

139 3993 233 4064 ἄλλοι
255 3998 330 4080 δίχα
346 4001 409 4062 τοῦ
431 3998 462 4081 δ,
485 4000 515 4063 εί
535 3997 665 4063 ἐτέου.
687 4005 726 4064 A.

220 4101 293 4162 469.
331 4092 543 4183 Ἀρίσταρχος
567 4095 835 4198 τεθνηώτων,
860 4093 957 4164 άλλοι
980 4096 1017 4160 δὲ
1044 4093 1247 4161 τεθυειοί-

139 4222 227 4264 τωυ.
249 4200 346 4264 A..

222 4301 293 4364 428.
318 4304 545 4384 πυρκαϊῆς·
567 4295 675 4378 οὕτως
695 4301 731 4365 αἱ
745 4296 960 4380 Ἀριστάρχου
983 4296 1066 4456 ιέμμὰ
1088 4292 1244 4379 γενικήν·
