2866 4882
1145 368 1206 430 319

94 541 227 606 videtur
258 535 428 626 probabile
450 535 617 600 Atticiano.
644 533 818 597 Aeschinis
850 532 1045 619 antigrapho
1072 535 1206 600 ebonis

96 640 190 706 libris
213 627 361 703 fluxisse.
407 636 511 702 Oodd.
545 636 576 699 h.
608 635 629 701 l.
660 644 747 700 reete
776 640 935 718 Θυτεῖον,
968 633 1031 699 δυο
1058 635 1207 701 Bekkeri

95 740 242 808 Θάτειον
271 739 437 805 exhibent.
482 738 535 801 De
565 735 646 803 urbe
679 738 828 803 Aetoliae
860 740 931 802 sive
965 735 1102 823 Thystio
1136 740 1206 802 sive

99 845 219 932 Thytio
249 843 393 928 cogitare
415 862 474 904 nos
497 862 563 904 non
586 841 663 904 sinit
684 839 748 904 1οοὶ
770 849 872 904 tenor.
896 880 938 889 -
961 839 1013 905 Of.
1040 840 1133 905 Phot.
1158 843 1207 927 98,

99 952 146 1010 17.
167 949 206 1009 20
229 945 294 1009 lex.
316 943 424 1007 Bekk.
449 945 519 1025 265,
543 948 573 1006 4.
595 945 624 1006 6.

326 1316 616 1383 Commentarii
643 1317 684 1379 in
711 1315 974 1403 Hyperidem.

183 1495 212 1536 ν.
235 1472 337 1557 Haip.
357 1473 427 1553 138,
446 1474 482 1533 14
506 1462 719 1551 ὀξυθύμια
740 1507 783 1518 -
808 1468 845 1534 ἐν
868 1467 904 1534 δὲ
925 1475 971 1558 τῷ
992 1465 1206 1559 ὑπομνήματι

100 1577 145 1651 είς
174 1567 235 1639 τόν
264 1571 347 1638 κατά
369 1569 535 1655 Δημάδου
557 1565 597 1634 τά
625 1569 661 1634 ἐν
684 1581 753 1647 ταῖς
775 1567 920 1658 τριόδοις
939 1573 1043 1656 φησὶν
1066 1575 1125 1664 (so.
1149 1576 1207 1641 Di-

100 1677 229 1763 dymus)
250 1670 412 1757 Ὲκαταία,
433 1667 522 1738 ὅπου
542 1669 581 1736 τά
601 1669 771 1757 καθάρσια
786 1670 911 1757 ἔφερόν
925 1697 1023 1758 τινες,
1041 1669 1062 1738 ά
1078 1670 1207 1754 ὀξυθύ·

99 1801 158 1860 μιν
187 1782 344 1842 καλεῖται.
389 1769 539 1852 Εὔπολις
567 1772 696 1858 Δήμοις
726 1769 785 1840 εδν
806 1779 890 1860 χρήν
913 1775 950 1840 ἐν
972 1787 1042 1854 ταῖς
1061 1776 1209 1861 τριόδοις

98 1874 162 1943 κάν
184 1890 252 1956 τοῖς
277 1873 475 1961 ὀξνθνμίοις
496 1875 747 1960 προστρόπαιον
767 1883 824 1959 τῆς
847 1873 974 1953 πόλεως
996 1875 1139 1945 κάεσθαι
1155 1905 1210 1946 τε-

101 1978 265 2065 τριγότα’.
310 1980 404 2044 Phot.
435 1981 555 2059 340‚2
586 1977 676 2042 Suid.
723 1978 775 2043 Of.
799 1977 864 2043 lex.
888 1980 1001 2044 comio.
1023 2004 1056 2067 p.
1078 1981 1129 2046 39.

161 2099 287 2185 ¹Herp.
308 2102 358 2181 70,
383 2103 420 2161 14
449 2095 696 2180 ἐλευθέριος
717 2093 830 2172 Ζεύς.
871 2091 1043 2182 Ὑπερίδης
1063 2105 1127 2188 *τῷ
1146 2102 1208 2185 μὲν

99 2204 216 2265 τοίνυν
228 2203 299 2284 Διί,
317 2189 343 2263 ei
357 2194 477 2282 άνδρες
497 2199 661 2281 δικασταί,
675 2189 695 2280 ή
714 2197 887 2280 ἐπωνυμία
902 2196 1021 2279 γέγονε
1036 2205 1097 2264 τοῦ
1112 2201 1209 2265 ἐλευ-

99 2302 219 2384 θέριον
242 2295 556 2383 προσαγορεύεσθαι
579 2293 635 2362 διά
655 2293 691 2362 τό
714 2293 793 2373 τούς
811 2298 1014 2384 ἐλευθέρους
1029 2297 1090 2382 τήν
1106 2299 1209 2368 στοάν

100 2404 318 2486 οίκοδομήσαι
343 2397 405 2485 τήν
430 2403 572 2484 πλησίον
600 2393 737 2464 αὐτοῦ’.
771 2393 807 2463 ‘0
830 2393 867 2462 δὲ
894 2400 1080 2484 Δίδυμος
1103 2421 1208 2485 φησιν

100 2499 304 2587 ἁμαρτάνειν
321 2498 381 2568 τὸν
401 2500 536 2589 ῥήτορα.
573 2498 701 2584 ἐκλήθη
722 2495 785 2585 γάρ
806 2499 999 2583 ἐλευθέριος
1017 2502 1072 2567 διά
1089 2500 1124 2567 τὸ
1141 2509 1209 2568 τῶν
1304 2505 1306 2511 ⁴

100 2605 268 2688 Μηδικῶν
283 2600 514 2687 άπαλλαγήναι
530 2601 610 2680 τοὺς
621 2598 828 2685 Ἀθηναίους.
852 2597 904 2667 ότι
920 2603 956 2667 δέ
972 2604 1208 2728 ἐπιγέγραπται

100 2705 161 2789 μὲν
193 2701 321 2790 σωτήρ,
336 2701 538 2804 ὀνομάζεται
567 2703 603 2768 δὲ
631 2705 687 2768 και
708 2704 913 2815 ἐλευθέριος,
938 2708 1036 2789 δηλοῖ
1055 2705 1109 2770 καὶ
1136 2712 1208 2771 Me·
1269 2776 1270 2779 ,

100 2810 255 2891 νανδρος.

186 2922 293 2987 Sohol.
319 2924 404 2988 Plat.
426 2947 459 3010 p.
482 2928 544 2989 466
578 2919 639 2990 τὸν
659 2927 784 3010 Μήδου
813 2923 1018 3009 ἐκφυγόντες
1036 2920 1208 3008 Ἀθηναῖοι

102 3001 283 3106 ίδράσαντο
306 3020 366 3088 τδν
388 3025 584 3110 ἐλευθέριον
608 3030 685 3093 Δία.
708 3031 830 3092 τοῦτον
846 3023 882 3092 δὲ
898 3029 982 3091 ἔνιοι
997 3028 1052 3091 καὶ
1075 3027 1208 3112 σωτήρά

101 3143 214 3207 φασιν.
239 3129 370 3208 τιμᾶται
392 3125 428 3190 δέ
451 3125 644 3209 ἐλευθέριος
663 3126 749 3205 Ζεδς
769 3128 824 3193 καὶ
847 3129 883 3192 ἐν
900 3128 1136 3212 Συρακούσαις
1154 3131 1209 3196 καὶ

104 3228 322 3309 Ταραντίνοις
344 3229 399 3292 καί
419 3233 601 3304 Πλαταιαῖς
620 3227 676 3292 καὶ
700 3234 817 3316 Καρίᾳ.
863 3231 917 3295 Of.
944 3239 985 3294 et.
1009 3255 1050 3297 m.
1075 3235 1146 3315 329,
1167 3238 1207 3296 44

100 3327 201 3391 sohel.
222 3326 280 3390 Ar.
303 3327 547 3395 Plut111760.
572 3330 682 3394 adnot.
706 3330 744 3395 T.
764 3332 949 3398 Hemsterh.
973 3357 1005 3418 p.
1026 3336 1088 3397 460
1109 3335 1172 3399 vol.
1191 3335 1207 3398 I

100 3450 132 3515 p.
156 3430 218 3492 350
241 3451 289 3515 sq.
311 3429 428 3494 Dindf.
453 3428 544 3494 Suid.

183 3567 210 3626 b.
232 3563 482 3652 Harpoor.116,2
503 3571 541 3630 16
562 3571 770 3633 Πυθαεία
787 3511 976 3652 Ὑπορείδης
995 3591 1077 3653 προς
1090 3565 1207 3638 Απελ

101 3659 251 3728 λαῖον.”
229 3687 370 3790 αποροη,
392 3669 463 3742 πῶς
485 3660 550 3731 άπδ
573 3667 696 3733 τούτου
713 3667 945 3789 ἐσχημάτισται
965 3665 1102 3758 παρά
1071 3694 1117 3735 τω
1105 3674 1206 3734 Λι-

101 3760 149 3827 δ
128 3788 225 3852 νμω
247 3765 302 3830 καὶ
317 3761 382 3849 γάρ
401 3792 443 3832 ου
433 3762 505 3833 ”δι
523 3757 572 3832 ων
587 3767 785 3887 παρέθετο
771 3794 789 3834 ο
805 3766 1031 3855 γραμματικός
1052 3765 1206 3854 ὠνόμασε

101 3860 140 3927 τδι
163 3863 281 3931 Πόθια
304 3863 435 3952 ἑορτήν,
457 3863 541 3934 άλλά
561 3864 621 3933 τόν
643 3867 780 3936 Πύθιον
800 3869 1001 3938 Ἀπόλλωνα

186 3984 259 4048 Om.
283 3984 331 4068 6.,
354 3985 578 4068 πυθακίαΒ,
607 3983 717 4052 πυθια
738 3987 771 4050 D
792 3989 911 4053 additis
936 3989 987 4052 his
1019 3985 1115 4072 ἑορτή
1143 3991 1205 4052 τοῦ

101 4087 239 4148 Πυθίου
264 4079 481 4163 Ἀπόλλωνος.
504 4122 546 4132 -
568 4080 633 4150 άπὸ
659 4083 783 4153 τούτου
808 4089 896 4152 hand
921 4089 1019 4153 dubie
1040 4090 1203 4153 vitiosum.

101 4181 254 4270 Suspicor
274 4180 342 4249 ’άπδ
365 4190 428 4252 τοῦ
446 4190 593 4251 Πυθίου.
