2752 4890
171 362 232 426 162
625 405 667 416 -
709 369 815 432 P—

169 544 302 618 θισται,
328 528 411 599 ἀλλὰ
433 529 470 598 τό
493 528 674 614 ἀρσενικόν
693 531 817 616 μόνον,
835 529 887 597 διό
912 527 1005 598 εἶπεν
1027 528 1195 622 άρσενικηῑ
1218 529 1279 619 άρ-

170 645 245 722 δρφ
266 632 437 719 χριόμενος
459 623 504 722 (ᾧ
525 631 574 720 ῥά
596 658 638 698 τε
660 630 770 718 νήπι’
801 628 985 718 άγοντι’,
1008 631 1082 718 οὐχὶ
1105 623 1147 720 ’ᾗ
1165 634 1216 721 ῥά
1238 659 1279 701 τε

170 732 282 821 νήπι’
313 735 501 823 άχούση’.
546 731 564 800 ό
598 736 634 800 δὲ
654 731 844 818 Ἀντίμαχος
877 736 913 800 ἐιι
942 735 1065 801 τούτου
1093 737 1279 821 πλανηθεὶς

170 834 267 928 ᾠήθη
282 838 337 904 καὶ
352 835 412 903 τόν
424 834 549 921 άρσενα
564 847 829 921 σκνμναχωχείν.
845 839 858 921 ]]
875 832 911 901 τό
927 837 1070 920 μέγεθος
1085 836 1122 900 δὲ
1133 844 1280 916 Αίαντος

169 935 352 1024 ὑποφαίνει
373 937 395 1024 ἡ
416 937 600 1026 παραβολή.
622 940 680 1008 Α.Ι
698 939 834 1023 Recepit
856 938 1064 1002 Friedlaend.
1088 964 1120 1025 p.
1146 941 1208 1003 275
1234 944 1279 1004 in-

171 1051 221 1108 ter
242 1042 458 1126 Aristonicea,
482 1043 631 1129 quamvis
653 1041 791 1126 Didymi
816 1061 887 1104 esse
907 1041 1107 1105 viderentur.

253 1146 323 1208 139.
347 1139 523 1226 ἑστήκει·
551 1144 611 1218 ἔξω
633 1148 693 1207 τοῦ
711 1163 737 1207 ἰ.
760 1144 802 1206 A.

255 1248 324 1308 144.
348 1240 541 1319 σαώσεις·
566 1239 673 1320 οὕτως
692 1239 919 1330 Ἀρίσταρχος,
941 1237 1036 1309 άλλοι
1058 1242 1095 1306 δὲ
1116 1240 1279 1327 σαάσης

169 1343 224 1413 διά
247 1350 307 1410 ’τοῦ
329 1351 360 1430 η
383 1347 425 1410 A.
970 1411 973 1430 Ἀ

253 1451 322 1511 149.
357 1445 413 1512 διά
435 1451 496 1512 τοῦ
529 1471 550 1511 ν
579 1443 670 1531 μεθ’
705 1441 863 1529 ὅμιλον.
908 1441 997 1528 παρά
1030 1441 1067 1508 δὲ
1098 1442 1278 1532 Ζηνοδότςο

169 1543 262 1632 μεθ’
288 1543 447 1633 ὁμίλου.
467 1547 522 1613 καὶ
541 1546 643 1632 λόγον
666 1550 731 1632 ἔχει
752 1543 826 1612 ἀντὶ
848 1549 910 1610 τοῦ
934 1547 995 1624 ἔξω
1018 1539 1147 1629 όμίλον.
1173 1546 1215 1609 A.

253 1654 323 1715 161.
345 1645 453 1727 οὕτως
472 1645 528 1714 διά
546 1653 607 1714 τοῦ
626 1674 647 1734 η
669 1645 864 1733 τεθνηάς.
892 1649 933 1712 A.
1072 1642 1077 1652 ’

258 1754 328 1815 171.
353 1741 1275 1840 άπότοι·παράΖηνοδότφοἶτέττον,οὐκακο5ς.Α.

253 1854 323 1915 173.
343 1848 436 1934 παρὰ
457 1851 635 1940 Ζηνοδότῳ
657 1856 735 1916 νῦν
757 1850 802 1916 δέ
821 1868 864 1915 σε
882 1853 943 1930 ἔξω
966 1853 1028 1914 τοῦ
1047 1873 1079 1913 ν.
1112 1850 1154 1912 Α.

254 1954 325 2016 178.
348 1950 438 2037 τταρά
454 1949 686 2038 Ἀριστοφάνει
704 1949 796 2019 τότε
819 1949 852 2017 δ’
874 1945 1008 2028 αὐτός.
1046 1952 1086 2014 A.

253 2055 480 2136 262.-αί,δδ
495 2051 711 2141 Ἀριστάρχου
727 2050 770 2132 ός
789 2051 836 2139 δή
859 2076 924 2118 τοι
940 2045 1092 2136 σχεδόν
1116 2045 1209 2115 εἰσι.
1233 2051 1274 2114 Α.

247 2159 325 2221 214.
348 2151 456 2248 οὕτως
470 2152 680 2240 Ἀρίσταρχος
709 2153 791 2221 κατά
824 2151 978 2237 δοτικήν,
1012 2147 1107 2217 άλλοι
1132 2151 1170 2216 δὲ
1202 2176 1276 2235 με·

167 2256 358 2341 μαθάμον
391 2263 643 2342 Πηλείωνος.
688 2252 888 2344 [Ζηνόδοτος
906 2252 1153 2338 Πηληϊάδεω
1172 2248 1276 2335 Ἀχι-

167 2363 255 2442 λῆος.
274 2362 328 2440 V.]
363 2360 405 2424 A.
510 2387 513 2390 ·
587 2357 588 2362 ’

253 2464 326 2524 215.
350 2457 539 2545 Ζηνόδοτος
561 2456 754 2544 ότρννεν.
775 2460 816 2523 A.

250 2566 321 2627 229.
345 2566 596 2628 τεθνειῶτα·
620 2558 675 2626 διά
697 2566 758 2626 τοῦ
776 2583 797 2644 η
818 2556 1036 2643 Ἀρίσταρχος.
1057 2558 1098 2622 A.
1158 2625 1161 2628 .

250 2667 321 2728 213.
347 2667 460 2751 (τῶν
485 2661 696 2748 Ἀρίσταρχος
721 2659 804 2728 κατὰ
827 2658 965 2744 δοτικὴν
985 2665 1056 2748 τῷ.)
1085 2657 1194 2750 οὕτως
1223 2664 1275 2748 τῷ

165 2760 376 2848 Ἀρίσταρχος
396 2762 478 2830 κατὰ
500 2760 648 2848 δοτικήν,
673 2767 719 2851 τῷ
742 2763 965 2852 ἐροσσαμένφ.
990 2764 1032 2827 Α.

248 2869 320 2931 234.
339 2868 505 2931 ἔλπετο·
534 2860 642 2941 οὕτως
665 2859 909 2948 Ἀριστοφάνης
931 2860 987 2929 διά
1011 2867 1073 2929 τοῦ
1093 2887 1123 2928 ε·
1145 2860 1273 2946 γράφε-

164 2989 217 3029 ται
235 2964 290 3030 καλ
309 2963 365 3030 διά
387 2971 449 3031 τοῦ
471 2955 567 3050 η.Α.
594 2966 646 3030 Cf.
669 2966 710 3029 V.

251 3069 322 3129 264.
346 3066 382 3130 ἐν
404 3070 444 3152 τῇ
466 3062 549 3132 κατὰ
565 3061 786 3149 Ἀριστοφάνη
808 3063 1000 3150 βεβρόχη.
1022 3066 1064 3135 Α.

246 3169 318 3230 268.
342 3165 834 3250 φραχθέντες·.Ζηνόδοτος
856 3160 1067 3246 ἀρθέντες.
1092 3165 1134 3228 A.
1158 3165 1211 3229 Cf.
1232 3166 1271 3229 V.

247 3267 319 3329 270.
341 3259 550 3350 Ἀρίσταρχος
572 3262 628 3331 διά
652 3271 713 3331 τοῦ
738 3290 754 3330 ε
775 3268 958 3348 ἔχθαιρε.
1003 3266 1134 3330 Abhinc
1155 3266 1273 3331 lacuna

166 3368 200 3429 in
222 3365 296 3430 cod.
321 3366 362 3429 A.
793 3443 794 3448 η
873 3445 877 3450 1

251 3464 335 3551 [292.
356 3464 564 3550 Ἀρίσταρχος
579 3467 753 3552 ἱεμένων
769 3462 825 3530 διά
840 3453 902 3531 τοῦ
916 3491 937 3531 ν
950 3470 1199 3550 πληθυντικῶς.
1219 3468 1271 3554 V]

252 3566 336 3652 [368.
370 3563 564 3649 Ζηνόδοτος
592 3566 656 3633 ἐτιλ
688 3557 860 3650 τόσσον,
891 3563 1134 3650 Ἀριστοφάνης
1164 3564 1274 3652 μάχη

163 3669 233 3731 ἔνι.
252 3666 306 3754 V]

246 3767 331 3852 [392.
355 3763 540 3832 κυκλόσ’·
572 3767 761 3854 Ζηνόδοτος
784 3763 940 3856 κύκλῳ]
968 3764 1179 3851 Ἀρίσταρχος
1198 3768 1273 3833 κό-

161 3873 272 3950 κλος,
294 3861 339 3944 ὡς
359 3863 506 3951 ετιληδός
526 3865 723 3936 ά“πονέοντο’
746 3871 802 3936 καί
817 3869 877 3935 ἐπὶ
893 3866 1074 3946 Μενελάου
1094 3863 1220 3952 ὁμοίως
1237 3871 1273 3933 ἐν

161 3971 201 4051 τῇ
221 3973 254 4031 Λ
277 3968 368 4055 (212]
387 4007 431 4019 -
453 3970 506 4055 V.]
1067 4047 1068 4052 ἵ

145 4129 146 4132 ,
248 4067 333 4152 [456.
353 4069 474 4150 μένος
491 4065 556 4160 ἠόα·
582 4067 689 4149 οὕτως
700 4065 921 4156 Ἀρίσταρχος,
938 4068 1130 4155 Ζηνόδοτος
1145 4067 1182 4134 δὲ
1198 4072 1272 4153 με’-

161 4179 232 4242 νος
253 4166 521 4260 ηολνδαρσὲς
545 4171 670 4254 ἐνῆκε
694 4171 749 4236 καὶ
768 4176 992 4256 προστίθησιν
1012 4166 1126 4246 (αὐτὸς
1141 4164 1175 4234 δ’
1198 4165 1272 4234 06-

160 4262 332 4347 λνμττόνιδε
355 4263 430 4349 μετ’
455 4265 830 4356 άθανάτοισιιβεβήνει.
848 4275 900 4359 V·.]
