2858 4882
224 375 286 438 380

221 541 361 629 quodam
393 540 588 625 cognomine
619 539 766 626 prolecta
800 542 876 605 sint.
928 540 1130 628 Scriptorum
1161 542 1342 624 cohortem,

222 642 340 730 quibus
368 643 590 706 testimonium
613 641 790 708 denunciat
809 651 934 725 noster,
956 643 984 706 si
1004 645 1230 727 reputaveris,
1255 643 1341 730 Phy-

221 744 387 828 larchum,
416 744 489 808 dico
512 742 568 828 (fr.
595 743 642 828 1),
664 743 876 809 Aristotelem
904 741 1089 807 Stratonem
1120 744 1267 832 (Ephori
1283 745 1337 809 ad-

220 844 417 928 versarium)
460 844 668 926 Cleomenem
705 843 859 910 Sotadam
890 845 1087 930 Byzantium
1118 844 1338 932 [Demetrium

221 947 427 1034 Phalereum]
455 945 509 1032 (fr.
533 947 567 1033 4)
598 945 747 1033 Diyllum
774 946 1009 1012 Atheniensem
1040 947 1086 1032 (l)
1118 947 1176 1034 (fr.
1208 948 1246 1032 5)
1273 948 1339 1012 Da-

221 1049 329 1114 naidis
357 1061 487 1133 poetam
518 1048 791 1136 [Eratosthenem]
824 1047 879 1133 (fr.
908 1047 942 1130 7)
988 1048 1171 1112 Neanthem
1200 1049 1337 1136 Cyzice-

222 1173 300 1214 num
335 1150 391 1236 (fr.
421 1150 472 1235 9),
508 1151 595 1214 iuste
625 1150 773 1236 profecto
808 1171 908 1214 causa
945 1170 1011 1214 non
1045 1150 1177 1215 videtur
1209 1152 1338 1234 adesse,

222 1273 280 1315 cur
300 1250 381 1314 haec
406 1251 573 1315 volumina
598 1251 824 1316 abiudicemus
847 1248 1081 1334 Chalcentero,
1110 1275 1209 1338 quem
1230 1254 1273 1319 de
1295 1254 1339 1318 al·

220 1360 292 1416 tero
312 1352 412 1415 etiam
427 1373 531 1439 aquae
546 1354 678 1417 nomine
697 1351 894 1417 sacerdotali
909 1353 1067 1436 Acheloo,
1084 1355 1227 1440 proinde
1245 1364 1282 1420 ut
1297 1355 1337 1419 sr.

223 1457 242 1517 9
279 1453 321 1518 de
354 1453 456 1537 βέδν,
488 1456 683 1519 sententiam
711 1453 893 1518 luculenter
919 1459 1111 1542 exposuisse
1145 1459 1271 1522 scimus
1306 1459 1340 1521 in

222 1555 289 1620 lexi
317 1557 452 1640 tragica.
496 1558 568 1622 Hoc
591 1559 689 1621 etiam
718 1555 760 1620 ad
784 1555 1034 1620 Chalcenterum
1061 1579 1120 1622 nos
1144 1558 1269 1624 ducere
1293 1561 1342 1625 vi·

222 1658 331 1740 detur,
361 1659 449 1745 quod
475 1660 516 1724 fr.
541 1658 724 1744 2Didymo
751 1658 924 1744 opponitur
951 1656 1037 1721 Orus
1056 1657 1218 1742 Milesius,
1242 1673 1340 1747 quem

222 1782 295 1823 oum
318 1759 376 1824 illo
401 1762 531 1848 saepius
561 1783 630 1825 rem
659 1758 813 1824 habuisse
843 1760 977 1842 scimus,
1011 1760 1080 1824 vid.
1109 1761 1272 1826 Ritschel.
1297 1763 1339 1827 'de

222 1861 279 1926 Or.
301 1870 333 1925 et
356 1861 413 1926 Or.
435 1885 467 1948 p.
491 1865 542 1927 73.
586 1861 702 1948 Neque
723 1861 953 1948 disputationis
976 1872 1169 1948 argumenta
1191 1865 1230 1927 in
1252 1867 1341 1953 capi-

218 1961 307 2027 tibus
343 1967 371 2027 1.
406 1966 435 2027 2.
470 1968 500 2028 5.
517 1967 559 2028 -6,
593 1967 612 2028 8
642 1971 781 2027 tractata
822 1962 1000 2049 quidquam
1045 1963 1239 2029 offensionis
1283 1966 1340 2029 ha-

220 2067 336 2131 berent
369 2069 387 2130 3
420 2066 481 2131 suh
510 2067 619 2131 iudice
651 2064 775 2129 relicto.
829 2064 875 2128 At
896 2065 1045 2150 primum,
1068 2073 1104 2128 ut
1125 2065 1160 2128 in
1181 2067 1339 2152 ingressu

221 2169 502 2233 commentationis
523 2167 782 2248 observavimus,
798 2174 929 2253 praeter
939 2165 1165 2230 Herodianum
1187 2177 1222 2232 et
1237 2169 1340 2234 Athe-

220 2291 339 2334 naeum
355 2272 384 2334 si
404 2271 460 2357 qui
479 2266 692 2352 συμποσιακά
707 2269 917 2354 scripserunt,
940 2269 965 2330 ii
976 2267 1162 2354 philosophi
1179 2278 1213 2333 et
1228 2271 1339 2358 sophi·

222 2381 292 2436 stae
322 2373 471 2455 fuerunt,
505 2370 624 2435 deinde
657 2369 845 2456 scrupulum
876 2370 1017 2434 iniciunt
1052 2370 1093 2434 fr.
1125 2376 1155 2435 4.
1179 2377 1217 2456 7,
1253 2397 1338 2460 quae

221 2473 302 2536 mihi
325 2474 455 2560 quidem
490 2474 648 2538 adversus
676 2467 857 2558 Didymum
881 2471 1134 2538 Chalcenterum
1168 2484 1339 2540 auctorem

222 2584 353 2639 strenue
380 2597 529 2661 pugnare
557 2567 710 2639 videntur
733 2583 764 2637 et
787 2573 936 2638 redolere
962 2577 1071 2661 potius
1094 2574 1338 2662 Pythagoricae

222 2677 367 2742 familiae
387 2676 624 2764 philosophum,
649 2699 747 2762 quam
768 2667 1053 2760 grammaticorum
1068 2676 1182 2740 filium.
1209 2678 1340 2758 Quodsi

223 2779 322 2844 semel
338 2779 477 2842 monitos
499 2800 626 2842 mecum
647 2799 801 2844 sensuros
825 2799 896 2840 esse
917 2776 1054 2841 lectores
1066 2800 1261 2864 persuasum
1282 2775 1339 2844 ha-

220 2884 300 2963 ben,
325 2880 438 2945 licebit
461 2883 530 2945 sine
555 2880 748 2965 ambagibus
766 2879 997 2965 pronunciare,
1023 2901 1086 2965 quo
1106 2902 1158 2944 me
1179 2881 1268 2946 ferat
1290 2885 1337 2948 iu-

222 2985 353 3048 dicium.
403 2981 558 3070 Suspicor
579 2985 665 3048 enim
689 2985 931 3065 συμποσιακῶν
953 2990 1118 3046 auctorem
1140 3004 1214 3047 esse
1230 2983 1337 3073 Didy-

222 3109 327 3168 mum,
348 3085 534 3150 Heraclidis
556 3086 677 3168 filium,
700 3085 948 3170 grammaticum
969 3085 1093 3169 pariter
1112 3093 1210 3171 atque
1237 3089 1337 3151 musi-

221 3209 295 3251 cum
327 3187 582 3270 nobilissimum,
617 3186 757 3252 Neronis
786 3184 970 3272 aequalem,
1010 3186 1116 3272 quode
1146 3185 1267 3251 Suidas
1307 3197 1339 3252 et

222 3287 371 3352 Eudocia
392 3287 473 3378 haec
495 3289 659 3352 referunt:
684 3288 837 3370 Δίδυμος
858 3280 876 3351 ὁ
899 3289 961 3350 τοῦ
971 3280 1202 3371 Ἡρακλείδου,
1226 3313 1337 3373 γραμ-

220 3385 386 3473 ’ματιτιός,Ι
406 3383 443 3466 ὃς
473 3390 622 3473 διέτριψε
650 3387 740 3472 παρὰ
766 3388 902 3478 Νέρωνι
931 3387 992 3451 ,καὶ
1020 3387 1259 3472 ἐχρηματίσατο
1288 3392 1335 3479 (l)

224 3492 314 3579 [num
325 3488 522 3580 ἐχρημάτισε
535 3488 817 3575 ΠΤΘΑΓΟρικός
825 3492 854 3580 l]
879 3487 1040 3574 μουσικός
1058 3485 1087 3554 τ’
1113 3479 1156 3572 ’ἦν
1178 3494 1256 3556 λίαν
1280 3493 1336 3558 καὶ

221 3586 304 3673 πρὸς
331 3593 413 3676 μέλη
441 3591 646 3676 ἐπιτήδειος,
679 3594 736 3680 (cf.
765 3591 874 3657 Bekk.
916 3593 1053 3670 anecdd.
1080 3592 1134 3655 ΠΙ
1162 3616 1195 3679 p.
1227 3594 1336 3681 1449).

221 3696 319 3759 Hunc
341 3716 407 3759 uon
428 3697 536 3781 inepte
556 3694 687 3759 Fabric.
710 3694 782 3760 Be.
813 3693 898 3758 VIII
923 3717 955 3780 p.
975 3693 1055 3757 355*
1078 3693 1336 3780 Pythagoricum

221 3797 323 3860 fuisse
344 3794 575 3882 philosophum
597 3797 716 3860 conicit
739 3817 823 3877 eum,
846 3807 943 3882 quem
954 3796 1073 3859 iterum
1096 3804 1193 3882 atque
1217 3798 1337 3863 iterum

220 3896 333 3961 laudat
355 3895 516 3982 Porphyr.
539 3891 574 3960 in
598 3897 735 3961 Ptolem.
761 3901 775 3959 1.
800 3885 913 3961 Herm.
936 3920 968 3983 p.
991 3899 1052 3960 210
1077 3897 1127 3961 ed.
1149 3897 1176 3960 I.
1204 3899 1335 3964 Wallis.

221 4019 295 4083 opp.
310 3997 408 4061 math.
421 3999 486 4064 vol.
501 3999 555 4063 III
567 3999 618 4063 ed.
628 3999 735 4064 Oxou.
757 4002 837 4063 1699
863 3996 954 4085 (περὶ
966 3992 1188 4085 ὁμοιοτήτων)
1213 4023 1245 4086 p.
1264 4005 1333 4066 191.

223 4101 293 4162 193.
318 4102 396 4164 209,
414 4102 486 4164 219.
509 4102 571 4163 212
595 4098 686 4186 (περὶ
711 4104 769 4183 τῆς
789 4102 962 4181 διαφορᾶς
977 4104 1046 4163 τοῖν
1065 4095 1338 4183 Ἀριστοξενείων

221 4205 256 4263 σε’
291 4199 345 4264 καὶ
378 4202 639 4288 Πυθαγορείων)
682 4201 786 4267 Olem.
812 4201 922 4266 Alex.
963 4201 1082 4268 Strom.
1116 4224 1149 4287 p.
1180 4205 1258 4288 226,
1296 4210 1336 4271 39
