2866 4882
1156 375 1218 438 329

108 545 260 626 Δίδυμος
283 534 315 605 d'
340 540 378 606 s’v
390 533 549 624 Ἀθήναις
566 534 632 604 ἀπὸ
654 545 713 623 τῆς
734 544 846 624 φυγῆς
865 537 1010 607 ἐλθόντα
1032 545 1130 630 βιαίῳ
1152 550 1219 609 θα-

109 642 198 732 νάτῳ
233 646 348 730 (τοῦτο
382 643 421 708 de'
451 629 535 726 φηαι
566 640 735 725 Ζώπυρον
768 644 938 726 ἶστορεῖν).
993 644 1127 710 Scilicet
1157 645 1219 710 hoe

106 769 207 812 unum
235 769 255 811 a
281 747 414 833 Zopyro
441 746 606 833 Didymus
630 755 846 811 contestatum
868 747 1012 832 accepit,
1032 747 1220 812 violenta

107 857 237 912 morte
272 847 557 935 Thucydidem
591 849 817 931 occidisse,
853 850 1019 935 ceteroqui
1052 848 1218 932 digressus

106 951 141 1016 in
162 950 228 1014 alia
247 952 383 1014 omnia’
427 950 552 1015 Vereor
573 960 682 1016 temen
703 955 881 1016 neverum
903 972 968 1014 non
996 951 1130 1033 viderit,
1160 952 1219 1017 sed

107 1050 210 1118 verba
231 1052 349 1116 misere
370 1050 580 1136 iugulaverit.
625 1051 757 1132 Quanto
782 1054 902 1116 rectius
923 1053 1113 1136 Kruegerus
1136 1052 1219 1137 Pop-

107 1175 225 1240 ponem
247 1161 377 1217 secutus
399 1151 437 1217 ἐν
457 1150 574 1240 Θρᾴκῃ
596 1155 783 1218 emendavit
804 1153 841 1217 ἐν
860 1149 1004 1240 Ἀττικῇ,
1034 1176 1098 1240 quo
1121 1155 1218 1217 etiam

107 1254 299 1341 prudentior
326 1253 364 1319 O.
389 1254 568 1320 Muellerus
592 1256 633 1320 fr.
659 1256 749 1320 histt.
777 1257 836 1322 Gr.
856 1257 892 1320 II
912 1280 945 1343 p.
970 1261 1009 1322 77
1032 1255 1069 1320 ἐν
1092 1260 1219 1342 Θορικῃ

107 1357 270 1441 proponit.
314 1356 428 1422 Possis
450 1356 564 1422 eodem
590 1359 660 1422 iure
684 1355 720 1422 ἐν
743 1361 875 1441 Θριᾶσι.
920 1366 963 1423 At
982 1358 1107 1442 fugisse
1129 1359 1219 1422 vide-

107 1465 159 1522 tur
175 1457 370 1544 interpretes
388 1459 529 1544 primum
551 1460 639 1546 quod
660 1461 692 1524 h.
712 1459 733 1524 l.
750 1461 960 1526 Marcellinus
982 1459 1142 1524 vocabulo
1165 1482 1219 1522 τι-

107 1558 340 1644 τελεντῃκέναι
367 1561 487 1643 utitur,
517 1583 623 1647 neque
645 1584 725 1627 vero
737 1556 935 1646 ἀποθανεῖν,
955 1571 1024 1626 tum
1045 1562 1131 1648 quod
1146 1583 1219 1647 pro-

107 1661 247 1728 nominis
263 1662 512 1727 demonstrativi
529 1666 681 1730 τοῦτον
696 1663 734 1728 ἐν
748 1660 865 1752 Θρᾴκῃ
884 1687 963 1729 usus
986 1664 1135 1745 offendit,
1160 1685 1219 1750 pro

107 1786 171 1851 quo
188 1757 295 1827 αὐτόν
314 1765 538 1850 requisiveris,
560 1765 701 1853 denique
721 1766 809 1853 quod
826 1766 975 1850 intellegi
995 1766 1119 1852 nequit,
1139 1765 1220 1850 quid

15 1944 16 1948 Ἰ
106 1866 238 1930 tandem
255 1866 437 1952 Didymum
457 1869 679 1952 commoverit,
700 1878 737 1932 ut
749 1880 915 1934 auctorem
938 1889 1032 1933 suum
1052 1867 1219 1953 Zopyrum

107 1968 204 2030 nimis
234 1966 374 2052 superbe
398 1967 616 2055 vituperaret,
644 1971 736 2034 cuius
763 1972 926 2054 narratio,
955 1971 1083 2034 etiamsi
1106 1991 1219 2034 conce·

107 2067 166 2132 des
193 2068 295 2133 abeo
320 2068 423 2134 verba
447 2069 745 2135 conclamatissimo
769 2076 891 2137 τοῦτον
924 2069 961 2135 ἐν
983 2066 1099 2157 Θρᾴκῃ
1127 2091 1220 2134 τετε-

108 2169 304 2252 λευτηκέναι
323 2170 472 2256 profecta
492 2193 574 2254 esse,
593 2182 703 2238 tamen
725 2175 842 2239 collato
862 2175 968 2260 capite
984 2176 1021 2236 31
1045 2172 1118 2236 veri
1139 2171 1220 2257 quid

107 2274 141 2338 in
162 2294 197 2335 se
219 2272 420 2336 continuisse
441 2273 547 2337 videri
570 2276 685 2360 possit.
729 2275 792 2339 His
818 2275 986 2361 perpensis
1013 2295 1034 2336 a
1055 2275 1219 2358 vitupera-

106 2375 195 2439 tione
225 2373 304 2438 satis
331 2375 474 2438 munitus
500 2377 576 2459 erit,
609 2379 637 2441 si
664 2378 737 2464 quis
766 2379 985 2443 coniecturam
1014 2375 1219 2462 proposuerit

109 2476 260 2542 Goellero
295 2478 361 2540 iam
395 2478 523 2565 pridem
550 2478 736 2566 probatem,
775 2502 880 2566 neque
912 2479 1079 2565 Zopyrum
1097 2498 1219 2562 neque

108 2579 239 2642 omnino
259 2579 452 2665 scriptorem
467 2580 677 2667 Thucydides
698 2604 761 2670 quo
784 2583 855 2647 loco
876 2582 1016 2668 perisset
1036 2588 1220 2644 contestan-

107 2691 172 2745 tem
199 2679 328 2762 induci,
358 2681 417 2745 sed
443 2681 543 2746 alium
566 2687 745 2770 quendem,
771 2707 875 2770 genus
894 2685 1009 2748 mortis
1033 2683 1089 2768 qui
1112 2690 1219 2744 conte-

107 2793 227 2867 stetur,
262 2783 428 2849 advocari.
486 2784 576 2865 Quid
607 2787 734 2871 igitur?
787 2787 949 2853 Vocabuli
988 2784 1154 2867 Ζώπυρος
1184 2785 1219 2848 in

108 2883 263 2969 Σάτυρος
283 2884 391 2949 facilis
413 2887 475 2951 erit
496 2891 692 2972 permutatio
721 2890 797 2975 (cfr.
819 2887 987 2954 Welcker.
1013 2886 1130 2974 syllog.
1154 2889 1219 2971 epi-

106 3012 156 3073 gr.
187 3012 219 3074 p.
253 2988 342 3074 213).
387 2988 438 3052 Ac
461 2986 598 3075 Satyrus
619 2992 765 3076 quidem,
799 2993 840 3057 de
874 3013 938 3078 quo
971 2991 1013 3055 cf.
1035 2988 1147 3053 Muell.
1178 2989 1219 3056 fr.

107 3090 196 3154 histt.
217 3089 275 3153 Gr.
296 3088 350 3151 III
375 3112 408 3175 p.
434 3094 507 3172 159,
538 3090 646 3156 Plinio
671 3102 756 3158 teste
780 3095 873 3159 iuxta
895 3115 969 3157 cum
990 3092 1169 3177 Hermippo
1188 3097 1221 3155 et

107 3191 274 3274 Antigono
294 3190 447 3277 Carystio
470 3194 611 3257 vitarum
633 3195 771 3282 scriptor
793 3195 1018 3260 nobilissimus
1041 3196 1140 3279 inque
1167 3192 1220 3257 de·

107 3293 191 3356 liciis
213 3291 364 3356 omnibus
385 3291 517 3358 habitus
539 3294 627 3360 haud
642 3298 709 3361 scio
730 3321 773 3361 an
794 3299 826 3362 h.
843 3297 864 3362 l.
886 3319 906 3361 a
926 3297 1072 3383 Didymo
1092 3316 1158 3360 non
1179 3295 1221 3357 sit

107 3395 366 3479 praetermissus.
415 3389 469 3459 Ἐν
499 3392 616 3483 Θρᾴκῃ
650 3400 786 3464 emendo
818 3402 853 3463 in
884 3393 1032 3480 ἄνθρακι
1064 3395 1220 3462 ‘carbun-

108 3493 199 3563 culo'
235 3495 309 3560 coll.
350 3495 433 3561 Poll.
472 3503 504 3562 A
534 3501 652 3585 terp.
685 3503 744 3564 188
773 3501 883 3565 Bekk.
913 3494 1073 3581 ἄνθραξ
1099 3495 1221 3580 ἐσχάρα

108 3591 333 3674 baronianos
360 3591 381 3682 ἢ
410 3595 513 3683 λευκὴ
543 3595 565 3684 ἢ
594 3595 750 3683 ὕπωχρος
773 3601 984 3685 φλύκταιναν
1014 3601 1136 3682 ἔχουσα
1166 3597 1221 3662 καὶ

108 3695 264 3781 ἐρύθημα
303 3697 358 3762 καὶ
390 3695 562 3783 ἀλγηδόνα
602 3699 782 3767 σύντονον.
838 3700 954 3766 Morbo
994 3709 1220 3784 consumptum

108 3822 179 3864 esse
202 3799 430 3886 Thucydidem
451 3804 548 3867 etiam
583 3825 736 3890 anonym.
761 3806 820 3868 vit.
839 3808 871 3885 ξ.
891 3807 910 3867 9
933 3800 1093 3889 (Marcell.
1116 3805 1146 3882 ξ.
1164 3803 1219 3886 44)

107 3901 260 3965 affirmat.
303 3901 418 3988 Neque
445 3903 564 3968 mirum
592 3906 620 3968 si
641 3905 707 3968 tale
726 3906 806 3991 quid
826 3903 964 3991 Satyrus
986 3901 1136 3984 tradidit,
1165 3905 1221 3987 qui

106 4003 141 4065 in
169 4024 268 4087 opere
297 4003 373 4085 περὶ
398 4006 483 4087 βίων
510 4007 668 4092 inscripto
701 4015 827 4071 tantum
850 4005 957 4070 abfuit
987 4014 1024 4067 ut
1051 4002 1221 4088 vulgarem

105 4102 227 4166 famam
246 4113 446 4190 sequeretur,
468 4114 505 4171 ut
517 4121 665 4171 rumores
686 4129 833 4194 quosque
855 4107 1052 4171 vanissimos
1076 4126 1115 4168 ec
1136 4127 1221 4192 pene

103 4203 314 4269 incredibiles
344 4228 470 4271 summa
498 4208 690 4274 credulitate
711 4211 881 4296 arriperet.
926 4206 1056 4287 Restat,
1085 4216 1122 4270 ut
1144 4229 1220 4284 enu-

103 4301 246 4368 cleemus
272 4305 351 4393 quid
379 4307 422 4371 sit
449 4308 597 4372 codron?
649 4307 722 4372 Hoc
751 4309 852 4393 igitur
878 4315 914 4372 nt
942 4327 1134 4392 assequare,
1166 4331 1221 4377 ne-
