2894 4890
1191 367 1245 427 181

137 512 178 582 τό
203 509 266 595 όρη
294 513 367 586 ίδας
401 509 490 593 λέγει
525 503 590 576 ἀκό
619 516 681 576 τοῦ
702 511 872 582 δύνασθαι
905 513 963 585 ἀντ’
993 517 1106 588 αὐτῶν
1137 529 1247 598 ττάντα

138 618 290 701 (πλεῖστα
307 612 355 698 D)
379 614 544 694 καθορᾶν.
589 613 659 677 Eus
661 613 740 680 teth.
770 639 802 701 p.
833 622 912 703 500,
935 627 974 686 43
1003 625 1112 691 ἰστέον
1134 627 1214 696 δὲ”
1194 657 1246 700 οτι

136 711 219 780 κατά
240 714 396 796 Δίδυμον
404 706 477 794 Ἴδη
497 706 539 777 οὐ
561 712 669 797 μόνον
690 709 711 799 ἡ
736 721 879 836 Τρυίκόγ,
903 670 987 788 ἀλλά
1009 729 1077 789 πάυ
1091 723 1188 815 όρος,
1211 734 1244 812 ἐξ

135 808 178 883 οὖ
203 813 242 881 τά
263 814 376 900 κύκλῳ
403 811 528 878 έστὶνί
515 816 617 898 ί,δείν
644 809 690 892 ὡς
712 816 768 881 καί
787 811 945 938 Ἀχελμος
973 826 1041 888 πᾶν
1070 824 1164 914 ὕδωρ
1188 834 1244 900 καὶ

132 913 299 993 Ὠκεανός
344 914 488 1001 Hesych.
514 915 622 990 ίδας·
654 912 751 995 εἶδος
764 921 818 984 καί
841 917 950 986 πάντα
972 919 1012 988 τά
1033 920 1157 1012 tentat.

669 1085 699 1148 8.

217 1202 325 1267 Schol.
352 1201 394 1266 V.
423 1201 465 1267 ad
488 1205 597 1267 Κ428
627 1196 930 1284 ἀγκυλότοξοι
957 1208 1013 1274 καὶ
1038 1235 1109 1291 κως
1136 1217 1241 1301 φησὶν

132 1304 298 1392 (11287)
308 1297 345 1379 δς
367 1292 556 1379 Παίονας
535 1325 617 1385 ηγεν
638 1303 921 1389 ίπττοκορυστάς’,
943 1313 974 1374 εί
994 1307 1039 1396 μὴ
1062 1308 1128 1397 ἀρα
1150 1340 1238 1402 κτερι-

131 1408 232 1484 δεξιοι
259 1394 361 1488 ἦσαν,
391 1399 437 1481 ὡς
456 1407 614 1485 Τεῦκρος.
656 1407 844 1489 Δίδυμος
869 1398 934 1472 οόυ
959 1410 1038 1490 τούς
1066 1412 1152 1504 τόξῳ
1182 1420 1239 1486 καὶ
1271 1443 1273 1447 ’

129 1505 261 1595 ἀγκύλη
282 1508 478 1590 χρωμένους
495 1499 742 1587 ἀγκυλοτόξους
762 1511 905 1590 εἴρηκεν.

669 1694 698 1755 9.

213 1810 323 1896 steph.
343 1809 425 1895 Byz.
450 1814 485 1890 7,
515 1810 534 1870 3
562 1807 606 1871 M.
630 1839 672 1866 τε
695 1814 729 1891 5,
752 1813 789 1872 21
811 1811 865 1877 W.
887 1808 1021 1901 ’Ἀβιοι
1043 1857 1085 1868 -
1105 1823 1232 1888 Δίδυ.

126 1937 199 1998 μσς
221 1908 259 1976 δὲ
277 1908 426 1996 Θρᾴκιον
449 1910 550 1984 ἔθνος
572 1912 675 1991 φησίν
699 1911 731 1997 (1
752 1915 789 1974 Ν
809 1912 854 1998 6).

656 2098 704 2159 10.

210 2213 321 2299 Steph
348 2214 396 2293 12,
420 2210 569 2275 SM:
589 2216 618 2294 7,
642 2215 682 2275 37
703 2209 800 2277 W.'
781 2211 847 2279 αττδ
872 2215 908 2280 δέ
928 2221 991 2281 τοῦ
1014 2193 1235 2303 Καβακησσός

124 2317 313 2397 Δίδυμος
335 2317 442 2376 οίεται
459 2306 541 2376 κατά
564 2303 739 2394 συγκοπὴν
761 2313 949 2398 Καβασσός.
976 2315 1072 2396 πόλις
1092 2317 1193 2386 δὲ“
1148 2345 1232 2408 αντη

123 2419 186 2480 τοῦ
215 2410 444 2498 Ὀθρυουέως,
478 2401 607 2496 περὶ
584 2437 624 2497 ης
654 2416 787 2497 βιβλίου
818 2410 900 2480 όλον
933 2417 1133 2502 συνέγραψε.
1178 2422 1231 2492 Of.

123 2523 294 2616 comment
318 2515 422 2601 IHp.
449 2517 497 2578 12.
539 2512 685 2577 Pertinet
701 2513 743 2577 ad
764 2519 801 2578 N
821 2507 893 2582 363.

654 2695 703 2762 11.

205 2815 1019 2901 Bekk.anecdd.1471,19(Baohm.aneedd.l172,
1030 2821 1081 2906 10)
1096 2814 1148 2904 ἀφ
1158 2827 1231 2886 λα-

120 2937 210 2984 στα·
242 2913 283 2983 τὰ
310 2912 521 3004 ἀκροστόλια.
566 2910 834 2997 Ἀπολλόδωρος·
866 2911 883 2981 ὁ
912 2916 949 2982 δὲ
974 2922 1166 3006 Δίδυμος
1192 2922 1229 2988 τὰ

121 3019 174 3084 ἐπὶ
193 3022 252 3100 τῆς
274 3015 431 3102 πρύμνης
454 3018 500 3094 είς
522 3010 610 3091 ὕψος
630 3014 666 3080 ἐκ
689 3015 858 3080 κανονίινυ
880 3018 1031 3083 πλατέων
1051 3020 1230 3106 ἐπικεκαμ-

121 3121 235 3204 μένον.
276 3119 460 3196 Fluxerunt
487 3111 568 3180 haee
596 3139 614 3180 0
636 3117 801 3180 Pausania
822 3118 977 3181 Atticista
1004 3142 1055 3206 ap.
1077 3122 1228 3190 Eustath.

123 3225 221 3303 1039,
247 3224 287 3284 37
314 3217 457 3282 laudato.
480 3253 522 3267 —-
549 3217 736 3301 Respieitur
764 3216 904 3281 fortasse
927 3219 1024 3284 Hom.
1047 3221 1087 3284 Il.
1113 3225 1142 3284 0
1167 3227 1228 3286 717

120 3314 295 3402 ἀφλαστον
317 3315 399 3402 μετὰ
419 3314 533 3400 χερσὶν
551 3317 646 3397 ἔχων.
684 3315 735 3379 Of.
756 3316 857 3380 schol.
879 3319 922 3383 ed
943 3318 975 3382 h.
996 3319 1017 3382 1.
1042 3320 1124 3384 Poll.
1147 3321 1165 3384 I
1187 3324 1228 3384 90

119 3444 151 3506 p.
175 3422 212 3481 21
242 3417 356 3483 Belzk.¹
382 3417 482 3481 schol.
512 3416 555 3480 ed
576 3414 685 3500 Apoll.
708 3414 813 3478 Rhod.
836 3417 853 3478 I
880 3421 975 3500 1089,
996 3419 1055 3484 ubi
1077 3419 1228 3485 laudetur

118 3519 314 3606 Apollonius
342 3517 379 3583 ἐν
403 3527 474 3592 ταῖς
500 3514 645 3597 λέξεσιν,
686 3522 727 3578 et.
766 3537 808 3578 m.
836 3520 909 3599 161,
934 3519 1025 3605 (177)
1050 3520 1091 3582 42
1115 3519 1225 3584 Tzetz.

118 3619 199 3705 Lyo.
224 3622 265 3682 26
287 3639 319 3703 p.
347 3621 381 3680 11
403 3617 526 3681 Herod.
548 3616 614 3679 lex.
638 3638 670 3700 p.
694 3618 755 3678 604
777 3615 828 3680 οδ.
847 3616 922 3680 Frz.
942 3617 1016 3682 coll.
1039 3616 1162 3684 Herod.
1176 3618 1226 3683 IV

120 3723 191 3788 114.
215 3717 360 3805 Hesyeh.
388 3711 619 3799 ἀφλαστον·
650 3711 687 3778 τὸ
717 3709 939 3798 ἀκροστόλιον
967 3709 988 3799 ἢ
1012 3717 1134 3800 (Rank.
1160 3718 1225 3781 He·

118 3819 208 3905 syoh.
231 3842 264 3905 p.
290 3820 364 3904 135)
389 3813 425 3881 τό
449 3811 555 3900 ἀκρον
574 3818 632 3896 τῆς
654 3811 809 3899 πρύμνης
829 3809 1077 3900 ἀαοτεταμένου
1101 3816 1129 3902 [3
1150 3817 1225 3881 έαι-

118 3916 339 4004 κεκαμμένον]
368 3917 414 3991 είς
430 3910 528 3992 ὕψος.

643 4017 693 4079 12.

203 4133 310 4200 Sehol.
337 4134 380 4198 ad
399 4133 438 4197 Il.
475 4136 505 4196 T
522 4133 560 4194 81
586 4134 669 4208 τοῖς
689 4132 759 4197 κέν
783 4155 844 4210 τις
868 4127 1065 4197 ἀκούσαι·
1094 4123 1222 4213 δἈρί-

118 4249 258 4316 σταρχος
274 4233 438 4298 ἐλλείπειν
450 4230 532 4314 φησί
543 4227 580 4295 τό
593 4226 682 4296 οὕτω
697 4227 883 4315 χριόμενος·
906 4225 943 4294 τό
955 4226 1020 4313 γάρ
1033 4226 1218 4314 λεγόμενον
