2894 4890
1171 362 1233 424 263

118 519 350 604 Aristophanis
380 518 496 582 comici
524 520 766 607 exemplaribus
795 528 887 584 notas
916 543 992 586 suas
1017 525 1148 590 criticas
1175 528 1231 592 ad·
1311 555 1313 560 ¹

118 622 252 708 sparsit,
283 641 419 705 quarum
447 641 580 683 caussas
602 643 641 685 ac
662 623 806 687 rationes
828 621 885 684 alii
907 623 941 684 in
964 624 1112 691 diversas
1133 630 1231 694 inter-

119 725 195 788 dum
222 730 331 808 partes
358 718 515 784 abeuntes
543 722 780 808 explicuerunt.
827 723 878 788 Of.
904 723 1005 789 schol.
1034 728 1093 792 Ar.
1122 731 1229 796 Rann.

122 825 201 887 1437
225 820 385 886 Gerhard.
410 821 451 884 dc
473 823 576 888 Arist.
598 848 630 910 p.
655 827 770 889 31-6,
815 825 1027 890 Aristarchca
1053 837 1140 892 certe
1162 852 1230 894 car-

117 926 241 987 minum
260 922 509 988 Homericorum
536 927 683 988 recensio
711 925 860 992 absoluta
888 926 986 990 fucrit
1014 949 1149 994 neccsse
1171 940 1229 1014 est,

116 1028 307 1112 priusquam
326 1027 447 1108 sagitta
467 1027 562 1111 quasi
584 1026 717 1092 confodi
738 1039 849 1113 posset
869 1051 897 1092 c.
910 1051 942 1113 g.
966 1028 1085 1094 Trach.
1108 1055 1141 1096 v.
1158 1035 1229 1116 402,

117 1126 175 1189 ubi
204 1125 328 1190 scholia
349 1126 506 1190 adnotant
532 1121 569 1190 τὸ
592 1127 629 1190 δὲ
649 1151 668 1210 χ
691 1123 743 1192 ὅτι
766 1125 803 1192 τὸ
827 1121 894 1194 ὦδε
916 1126 1068 1195 τοπικόν.
1096 1132 1227 1219 (Lehrs.

116 1227 176 1290 Ar.
199 1226 329 1310 84-6).
375 1227 500 1293 Eadem
529 1236 643 1292 nostra
671 1229 856 1295 observatio
887 1232 976 1297 valet
1005 1231 1046 1295 de
1079 1235 1230 1299 versibus

118 1330 238 1391 notatis
250 1327 439 1414 Euripideis
461 1351 488 1392 c.
501 1351 533 1413 g.
557 1329 716 1395 Androm.
735 1333 796 1393 607
820 1330 1033 1415 σημειωτέον,
1057 1329 1108 1398 ὅτι
1129 1359 1228 1419 τρω-

117 1433 209 1506 θείς
232 1424 325 1493 εἶπεν
347 1425 389 1494 οὐ
411 1434 599 1514 βληθείς,
621 1432 675 1496 καὶ
698 1427 761 1515 γὰρ
784 1429 912 1517 ἐβλήθη
931 1426 997 1498 ὑπὸ
1015 1439 1077 1499 τοῦ
1088 1437 1227 1502 Πανδά-

118 1553 192 1612 ρου.
237 1531 390 1612 διαφέρει
421 1530 456 1595 δὲ
489 1527 525 1595 τό
555 1535 724 1616 βληθῆναι
753 1537 814 1596 τοῦ
846 1537 1031 1616 τρωθῆναι.
1068 1531 1226 1619 Ὅμηρος·

118 1631 293 1716 εβέβληται
315 1631 378 1715 ’μὲν
399 1625 416 1696 ὁ
444 1635 607 1716 Τυδείδης
628 1630 788 1719 κρατερὸς
809 1632 994 1719 Διομήδης,
1009 1629 1167 1698 οὔτασται
1190 1633 1224 1700 δ’

113 1728 302 1809 ’οδυσεύς.’
337 1733 382 1819 (Α
403 1734 478 1818 659)
508 1733 579 1799 VR.
607 1734 722 1799 Lchrs.
751 1736 810 1800 Ar.
838 1739 878 1801 63
911 1734 1012 1800 schol.
1040 1733 1119 1797 Eur.
1144 1735 1227 1800 Hoc.
1290 1781 1291 1786 κ

120 1838 148 1897 1.
171 1838 201 1898 4.
246 1835 316 1897 Iam
344 1835 527 1920 perpendas
554 1835 634 1899 mihi
663 1837 761 1899 ctiam
789 1836 847 1902 has
875 1835 973 1900 schol.
996 1833 1055 1895 La.
1081 1833 1243 1901 animati?

117 1936 301 1999 versiones:
335 1934 388 1998 El.
417 1936 478 1998 320
508 1935 591 2018 (OT.
622 1940 693 2000 749.
723 1941 785 2001 976
815 1934 898 2000 Phil.
922 1935 982 1994 225
1011 1932 1065 1996 Ai.
1092 1937 1128 1997 81
1153 1937 1224 2002 00.

118 2037 196 2123 655)
224 2031 365 2100 δύναται
388 2031 424 2100 τό
448 2030 590 2101 ὀκνεῖν
606 2032 792 2122 Ὁμηρικοῖς
816 2040 858 2122 (Ε
868 2033 943 2116 233)
966 2034 1122 2116 εἰρῆσθαι
1151 2032 1225 2103 ἀντὶ

117 2141 180 2202 τοῦ
214 2141 413 2221 φοβεῖσθαι·
449 2129 570 2200 ὀκνείω
603 2133 635 2201 δ’
669 2140 783 2202 ἵππων
815 2133 1027 2213 ἐπιβαινέμεν
1060 2131 1223 2198 ω’κειάων.

118 2239 171 2304 Of.
204 2236 304 2306 schol.
337 2238 368 2300 h.
393 2238 414 2300 l.
444 2238 593 2302 Eustath.
620 2242 681 2301 546
713 2234 828 2297 Lahrs.
852 2230 910 2292 Ar.
937 2234 1007 2293 154.
1029 2233 1143 2297 -ΕΙ,
1163 2238 1223 2298 210

117 2333 242 2421 ποινή
263 2337 392 2420 λέγεται
416 2337 469 2402 ἐπὶ
485 2335 590 2420 μόνης
604 2337 787 2419 καταβολῆς
801 2326 990 2413 χρημάτων,
1010 2331 1111 2396 schol.
1124 2333 1221 2400 Hom.

115 2447 148 2506 a
165 2445 227 2507 266
255 2440 371 2503 mars.
402 2441 471 2503 ιιι.
496 2443 525 2504 3.
546 2477 589 2488 ,-
610 2439 662 2501 sl.
690 2434 749 2494 αα
777 2433 868 2514 ζῶμα
891 2428 927 2496 δὲ
949 2435 1015 2496 νῦν
1034 2428 1097 2516 τὴν
1113 2432 1222 2520 ζώνην

117 2544 224 2626 δηλοῖ,
247 2536 289 2605 οὐ
311 2534 347 2604 τὸ
370 2541 509 2622 ἔνδυμα,
531 2540 587 2602 ἵνα
609 2529 715 2617 τούτῳ
734 2532 840 2617 στέφη
861 2527 921 2596 τὸν
943 2531 1053 2616 τάφον
1075 2529 1149 2600 ἀντὶ
1167 2541 1224 2618 μί-

116 2668 196 2726 τρας
217 2641 282 2707 κτέ.
309 2640 425 2705 Lshrs.
448 2641 506 2704 Ar.
534 2641 601 2698 125.
616 2665 659 2684 ·-—
681 2632 734 2696 El.
754 2637 834 2697 1046
857 2630 975 2696 πάλιν·
999 2637 1044 2711 εἰς
1062 2631 1222 2721 τούπίσω,

115 2745 158 2809 cf.
181 2742 325 2829 Hesych.
347 2741 461 2805 Lehrs.
487 2741 555 2798 100.
576 2771 620 2783 —-
640 2732 694 2796 Ai.
710 2736 760 2797 -26
790 2729 827 2797 ιδ
849 2730 900 2819 (δὲ
920 2736 1222 2821 κατηνα)ρισμένας

115 2841 245 2928 ἄκυρον
264 2840 329 2908 κτὲ.
352 2839 451 2906 schol.
465 2836 561 2898 Hom.
575 2837 606 2897 Φ
619 2837 680 2897 485
703 2833 818 2897 Lchrs.
841 2837 911 2898 148.
924 2874 967 2882 -
983 2836 1038 2899 Αἰ.
1054 2840 1116 2900 906
1129 2840 1220 2922 (658)

116 2950 183 3013 πᾶν
208 2942 244 3008 δὲ
272 2937 479 3025 ἀμυντήριον
503 2933 557 2999 καὶ
586 2931 672 3014 δόρυ
700 2936 755 2998 καὶ
781 2937 875 3017 ἔγχος
897 2939 1060 3001 καλοῦσιν
1082 2937 1117 3000 oi
1136 2936 1223 3002 osui.

115 3069 222 3127 τεροι,
256 3040 354 3106 schol.
375 3037 473 3099 Hom.
496 3035 535 3099 Il.
559 3041 594 3100 H
614 3039 687 3099 255.
716 3038 776 3098 273
803 3035 919 3100 Lehrs.
945 3038 1004 3101 Ar.
1025 3041 1076 3101 55.
1098 3064 1141 3088 ’-
1166 3038 1221 3105 Ai.

114 3149 175 3209 925
198 3143 387 3224 ἔμελλεν
417 3131 540 3220 Ἰακτός,
562 3134 675 3225 ἐφ’κεις
694 3132 759 3218 ἄρα
774 3135 828 3201 καὶ
845 3139 945 3221 δήλος
961 3128 1009 3221 ής.
1031 3139 1146 3203 Lehrs.
1164 3143 1222 3203 126

111 3241 257 3328 Hesych.
281 3239 382 3304 schol.
408 3238 492 3303 Plat.
515 3261 547 3324 p.
568 3244 629 3302 417
654 3239 796 3326 (Nauck.
819 3241 878 3304 Ar.
901 3241 984 3326 Byz.
1007 3241 1102 3327 222),
1135 3241 1222 3306 unde

111 3343 267 3408 discimus
299 3343 397 3405 ctiam
427 3341 597 3428 Sophoclis
628 3342 739 3406 Troilo
771 3352 905 3428 proptor
935 3342 996 3406 hoc
1028 3343 1223 3408 vocabulum

111 3455 250 3527 σημεῖον
278 3444 443 3530 appictum
471 3444 585 3508 fuisso.
611 3483 654 3492 -
681 3445 735 3508 Ai.
759 3447 820 3508 866
855 3440 958 3519 πόνος
989 3443 1083 3529 πόνῳ
1116 3441 1223 3510 πόνον

112 3544 227 3628 φέρει·
251 3547 321 3608 ἔστι
342 3540 379 3608 τὸ
396 3542 457 3627 μὲν
480 3543 608 3620 πόνος
630 3541 744 3631 πόνῳ
766 3541 938 3627 ἀρχαϊκόν,
961 3535 1021 3617 ὡς·
1044 3544 1145 3625 ἔργον
1167 3539 1221 3606 ἐπ’

102 3650 209 3733 ,ἔρημα
233 3640 269 3709 τὸ
290 3644 325 3710 δὲ
347 3641 509 3726 δεύτερον
532 3641 639 3708 πόνον
661 3647 794 3726 κοιναῖς,
818 3635 893 3707 οἷον
915 3639 1074 3725 κάματον.
1105 3643 1221 3706 Lchrs.

111 3750 170 3814 Ar.
195 3751 235 3812 87
261 3747 351 3812 Suid.
376 3748 452 3811 112
481 3770 513 3832 p.
537 3750 610 3811 360.
632 3785 675 3802 -.
695 3745 765 3811 OC.
789 3749 850 3810 380
883 3741 919 3809 τὸ
944 3741 1008 3827 γὰρ
1031 3739 1125 3823 τιμή
1144 3736 1219 3804 ἔσθ’

110 3849 167 3914 ὅτε
190 3845 376 3931 πρόστιμον
399 3848 505 3930 δηλοῖ.
543 3842 706 3930 Ὅμηρος·
728 3848 759 3910 εἰ
780 3841 813 3911 δ’
838 3838 882 3910 δν
900 3844 972 3928 ἐμοὶ
991 3839 1092 3926 τιμήν
1113 3843 1222 3920 Πρία-

110 3974 173 4035 μος
203 3952 249 4036 (Γ
268 3949 344 4033 288)
375 3948 475 4013 schol.
505 3949 602 4013 Hom.
633 3950 654 4011 l.
678 3948 700 4011 l.
729 3953 759 4012 P
778 3950 818 4011 92
846 3947 961 4011 Lchrs.
994 3948 1064 4010 153.
1086 3979 1129 3990 -
1150 3941 1221 4004 00.

114 4054 195 4115 1584
220 4046 360 4125 εἰώθασι
390 4044 455 4133 γὰρ
483 4050 520 4116 τὸ
549 4046 688 4115 ἀείκαὶ
710 4044 762 4113 ἐπ’
788 4037 907 4131 Ιὀλίγον
930 4046 1056 4130 χρόνον
1074 4039 1220 4107 τάσσειν.

101 4149 250 4236 Ὅμηρος
271 4152 323 4237 (N
332 4152 419 4238 517),
442 4152 484 4215 of.
509 4150 610 4215 schol.
633 4151 669 4213 ΙΙ
682 4173 714 4236 p.
728 4153 788 4214 374
811 4149 975 4214 Bekk.--
991 4148 1047 4211 Tr.
1073 4147 1134 4209 602
1156 4138 1220 4208 οὐκ

112 4243 152 4320 εὖ
180 4252 217 4319 δὲ
245 4250 304 4318 τδν
332 4248 489 4338 ἀνδρεῖον
514 4255 639 4340 χιτῶνα
669 4253 826 4320 πέπλον
852 4252 952 4334 φησί,
997 4249 1039 4314 cf.
1069 4246 1221 4315 Eustath.
