2866 4882
1161 367 1223 430 339

111 533 206 614 τρίτη
228 522 303 614 δέη
327 531 432 614 πέτρα
453 521 474 615 ἢ
497 530 653 616 ποταμός.
676 535 804 630 είρηταγ
822 532 899 617 περί
919 531 1020 619 ῥέειν.
1046 535 1111 598 rice
1133 530 1223 618 παρὰ

105 624 149 696 τό
171 641 274 713 τρεῖν.
310 629 422 716 φόβον
443 627 509 714 γάρ
529 632 661 716 ἐμποιεῖ
678 643 749 711 τοίς
769 633 941 699 πλέουσιν.
974 628 1020 711 ὥς
1042 650 1125 719 φησι
1147 639 1224 700 Δί·
1302 631 1307 636 ’

108 732 130 797 δ
136 755 158 795 υ
165 754 254 816 μος.
298 725 422 816 ὤφειλε
444 728 499 799 διά
518 737 579 819 τῆς
601 735 648 812 είς
668 757 694 818 φ
716 731 926 819 γράφεσθαι,
959 740 1029 800 είτα
1047 731 1112 820 γάρ
1132 729 1222 819 παρά

109 898 147 967 τό
170 901 242 988 ῥεῖν
265 906 331 968 εἴτε
347 899 437 987 παρά
458 899 496 968 τὸ
519 913 621 987 τρεῖν.
644 842 775 989 insitii
796 901 834 970 δὲ
854 907 900 992 τῷ
921 863 1006 972 uuio
1028 907 1097 971 τιόν
1120 905 1166 983 είς
1186 893 1224 970 H

107 1009 282 1090 θηλυκῶν,
305 1002 360 1072 καὶ
382 999 438 1072 διά
460 1008 522 1070 τοῦ
543 1030 564 1089 η
585 1027 639 1088 γρ.
663 1063 667 1072 .

192 1105 388 1172 Emendatio
418 1106 526 1172 facilis
556 1117 621 1174 est:
658 1107 710 1172 bis
739 1116 827 1173 certe
854 1108 1063 1173 scribendum
1090 1108 1221 1173 videtur

110 1211 175 1272 εἴτε
195 1210 361 1293 παρῆκται
383 1204 472 1291 παρὰ
492 1202 529 1274 τὸ
553 1208 641 1295 ῥεῖν,
672 1216 704 1292 et
732 1229 791 1297 pro
818 1210 864 1285 είς
888 1231 915 1292 φ
942 1209 1047 1274 voluit
1067 1208 1220 1274 librarius

110 1329 138 1375 ει
159 1304 364 1392 διφθόγγου.
407 1310 572 1396 Didymus
598 1311 699 1394 igitur
721 1311 852 1399 scripsit
871 1303 1094 1394 Ἀμφιτρήτη,
1128 1312 1219 1374 cuius

109 1410 326 1498 veriloquium
349 1411 497 1496 recoquit
511 1409 709 1495 Hesychius,
727 1431 823 1496 quem
841 1411 909 1476 vid.
922 1412 1020 1474 etiam
1036 1431 1062 1473 s.
1075 1432 1107 1474 v.
1130 1432 1220 1492 τρι-

107 1507 178 1576 τιό·
209 1510 333 1597 ῥεῦμα,
354 1507 493 1594 τρόμος,
517 1507 634 1595 φόβος.
679 1510 828 1576 Aliorum
849 1510 1032 1597 veriloquio
1053 1520 1221 1576 enumerat

107 1610 285 1698 Klopferus
297 1613 339 1677 od
355 1612 481 1678 Nitsch.
494 1613 629 1699 mythol.
644 1612 660 1676 I
674 1635 707 1698 p.
723 1614 792 1677 183.
815 1611 1054 1678 Futilissimum
1066 1613 1220 1699 propinat

107 1710 208 1778 schol.
228 1712 349 1800 Odyss.
372 1737 394 1797 γ
415 1716 467 1779 91.

192 1933 273 1998 cod.
298 1933 448 1997 Vossian.
469 1940 511 1996 et.
531 1954 574 1997 m.
591 1935 663 2015 567,
680 1938 721 1997 40
739 1954 759 1997 a
778 1931 966 1999 Guisfordio
994 1956 1027 2020 p.
1047 1934 1122 1996 1611
1148 1938 1216 1996 not.

108 2033 226 2100 allatus
248 2027 377 2110 λιτός·
397 2026 415 2096 ὁ
435 2034 537 2115 πένης
558 2030 613 2097 καί
634 2029 789 2117 δημότης.
812 2024 833 2116 ἢ
856 2025 874 2097 ὁ
898 2033 936 2098 ἐκ
958 2035 1123 2110 λιτανείας
1142 2033 1217 2110 ζῶν.

105 2128 128 2219 ἢ
156 2130 174 2201 ὁ
205 2135 259 2202 ἐπί
287 2137 346 2218 τῆς
372 2137 433 2217 γης
460 2129 678 2217 κοιμώμενος.
724 2129 813 2210 λιτὸς
837 2127 855 2197 ὁ
877 2127 1013 2216 εὐτελὴς
1032 2127 1135 2216 χιτοδν
1164 2130 1219 2198 καὶ

107 2230 290 2314 άποίκιλος.
322 2236 512 2319 Δίδυμος
531 2229 621 2317 παρά
642 2230 680 2298 τό
702 2239 793 2299 λεῖον
814 2229 896 2300 αὐτὸ
914 2223 1002 2319 λέγει
1025 2230 1080 2299 διά
1100 2236 1162 2316 της
1177 2255 1218 2297 ει.

106 2332 128 2423 ἡ
152 2335 189 2404 δέ
210 2335 395 2423 παράδοσις
422 2333 479 2402 διά
501 2338 564 2400 τοῦ
586 2359 609 2399 ι.
652 2326 692 2398 τά
717 2332 773 2399 διά
799 2337 860 2399 τοῦ
883 2357 952 2412 ιτος
973 2329 1218 2417 ἀποστρέφεται

106 2437 167 2524 τὴν
197 2461 244 2524 ει,
284 2448 373 2516 σῖτος
407 2435 632 2521 ἐπαφρόδιτος
660 2440 765 2519 λῖτος,
798 2432 897 2518 χωρὶς
929 2439 991 2500 τοῦ
1023 2430 1169 2514 κλειτός,
1198 2427 1216 2498 ὁ

105 2542 239 2618 ἔνδοξος
259 2537 314 2607 καί
336 2535 376 2604 τά
398 2533 480 2621 παρ’
506 2534 623 2603 αὐτοῦ.
669 2537 722 2602 uf.
749 2537 857 2602 Crem.
880 2535 1068 2603 anecdd.II
1089 2537 1217 2617 238,14

108 2641 285 2708 Herodian.
315 2643 386 2705 sive
406 2639 528 2704 Aroud.
551 2641 592 2705 de
613 2659 681 2703 ecc.
704 2661 736 2724 p.
758 2639 815 2719 78,
840 2641 878 2701 10
912 2640 970 2719 79,
990 2638 1073 2699 3—s
1098 2636 1155 2717 82,
1180 2637 1217 2697 10

107 2743 158 2809 ed.
181 2742 320 2808 Becker.

190 2844 246 2909 Ex
266 2843 413 2910 eiusdem
435 2842 476 2907 de
503 2867 515 2907 ι
538 2835 767 2926 άνεκφοινήτμ
796 2835 1041 2925 quaestionibus
1063 2833 1144 2900 haec
1166 2854 1217 2895 su-

105 2952 242 3032 persunt
262 2943 462 3028 fragmenta:

649 3065 678 3123 7.

190 3179 244 3244 Et.
253 3203 296 3245 m.
304 3182 378 3263 452,
388 3181 428 3243 30
440 3175 597 3262 θνῄσκω·
609 3215 646 3225 -
659 3169 873 3258 όΔίδυμος
883 3167 984 3255 χειρίς
994 3171 1056 3234 τοῦ
1069 3192 1093 3250 ι,
1105 3160 1218 3250 ὥσπερ

106 3273 173 3346 άπὸ
202 3283 263 3346 τοῦ
289 3275 397 3363 άρέσοτ
425 3282 606 3365 μέλλοντος
633 3280 781 3362 γίγνεται
809 3272 864 3339 καὶ
886 3275 907 3353 †
929 3268 1094 3357 μεθύσκιδ
1117 3272 1219 3334 πλεο-

107 3383 223 3468 νασμῷ
250 3384 313 3446 τοῦ
336 3404 357 3445 κ
378 3377 433 3446 καί
452 3377 651 3465 μετάγονται
675 3380 722 3455 είς
744 3375 927 3458 ἐνεστῶτα,
961 3366 1050 3436 οὕτω
1073 3371 1129 3436 καλ
1151 3364 1217 3434 άπὸ

106 3485 168 3545 τοῦ
188 3485 260 3564 proi
282 3478 398 3565 μνήσω
420 3481 475 3547 καί
494 3483 571 3548 θυοδ
591 3479 710 3565 θνησο)
728 3483 878 3562 γίγνεται
895 3469 1035 3557 θνήσκει
1057 3470 1113 3537 καί
1131 3466 1218 3553 μνή-

107 3598 176 3647 σκω
200 3581 255 3648 καὶ
277 3577 341 3648 οὐκ
361 3586 426 3667 ἔχει
450 3577 487 3649 τό
510 3607 532 3648 ι.
562 3582 669 3646 Crem.
690 3577 829 3642 onecdd.
854 3577 918 3641 Ox.
934 3574 952 3639 I
970 3574 1029 3637 196
1050 3564 1088 3635 τό
1104 3571 1217 3654 μέντοι

107 3680 247 3767 θνησκοι
267 3683 322 3750 καὶ
336 3681 512 3769 μιμνησκω
531 3677 548 3747 ὁ
566 3681 628 3765 μὲν
642 3680 829 3762 Δίδυμος
844 3671 927 3741 ἄνευ
943 3675 1005 3739 τοῦ
1020 3697 1043 3737 ι.
1065 3665 1090 3755 ἡ
1104 3672 1218 3754 μέντοι

108 3781 291 3869 παράδοσις
316 3780 380 3851 οόκ
408 3786 549 3868 ἐπείσθη
576 3776 708 3865 αὐτοῖς,
740 3777 812 3844 ittet
844 3777 879 3841 οί
902 3776 1034 3850 Αίολείς
1066 3773 1219 3838 θναίσνιιο

106 3886 160 3951 καὶ
183 3888 333 3971 μναίσκω
351 3886 518 3971 λέγουσιν.
562 3884 742 3949 Herodian.
762 3879 806 3944 od
823 3877 921 3942 Hom.
944 3875 984 3940 ΙΙ.
1008 3879 1038 3940 A
1060 3876 1121 3938 799
1131 3874 1175 3937 A.

191 3988 334 4053 ‘Multae
355 4010 454 4053 voces
475 4006 562 4051 nuno
592 3992 739 4050 carentes
761 3982 828 4046 iota
856 3977 1040 4061 subscripto
1068 3975 1102 4037 in
1131 3971 1218 4036 codi-

106 4088 198 4153 cibus
214 4111 288 4154 cum
308 4088 365 4154 illo
386 4088 602 4175 reperiuntur.
625 4085 665 4149 E.
678 4107 706 4148 c.
726 4085 812 4170 ζῷον
820 4080 844 4166 ¹)
864 4099 924 4164 pro
945 4077 1043 4159 ζῶον,
1063 4097 1095 4138 v.
1111 4072 1217 4158 Epist.

181 4297 206 4362 l)
226 4297 286 4347 Hoc
303 4293 438 4361 praecipit
456 4292 628 4344 Herodianus
647 4287 757 4339 Arcadii
778 4301 805 4350 p.
826 4284 884 4346 122,
900 4284 917 4333 2
936 4279 986 4422 εὲλῖ
996 4278 1079 4398 ξεττ.
1094 4277 1159 4340 Lps.
