2812 4868
1154 341 1194 402 73

79 510 214 576 turbata·
232 510 390 575 nonnulla
411 531 483 582 esse
510 518 609 598 atque
637 510 719 576 adeo
744 508 908 576 excidisse
929 529 950 574 a
970 507 1193 575 verisimilitu-

81 613 159 678 dine
180 612 269 678 haud
291 611 474 677 abhorreat.

571 747 573 752 ’
612 747 663 809 37.

166 865 281 952 Neque
300 865 340 930 de
364 863 464 930 schol.
478 861 520 928 ad
532 863 590 928 Ar.
604 862 681 928 Pac.
698 867 759 928 959
772 863 884 952 liquet,
907 862 994 950 quod
1006 863 1127 927 omissa
1137 884 1193 926 vo-

81 969 128 1032 cis
151 963 270 1031 ὃάλιον
294 965 510 1053 explicatione
544 986 617 1028 cum
639 965 807 1052 Hesychio
832 966 1031 1052 comparatio
1066 965 1194 1028 institui

80 1069 211 1155 nequit,
241 1071 436 1155 quamquam
457 1065 601 1154 Hesyoh.
625 1061 851 1154 audeliana
876 1075 988 1154 aperte
1011 1067 1097 1131 hunc
1118 1066 1193 1132 Ari-

81 1167 251 1256 stophanis
274 1168 381 1234 locum
400 1169 543 1256 respicit.
594 1167 687 1233 Haec
705 1170 793 1233 enirn
816 1168 918 1233 schol.
946 1163 989 1232 τὸ
1025 1163 1192 1232 ὃάλιον·

81 1269 117 1337 τὰ
147 1266 244 1356 ὕδωρ
273 1257 418 1336 ἐδόκουν
446 1272 625 1354 καθαίρειν
651 1263 901 1356 ἆναβάπτοντές
929 1292 960 1334 τι
987 1273 1050 1334 τοῦ
1071 1267 1189 1355 πυρός.

81 1379 150 1462 κτλ.
182 1369 271 1437 οὕτω
298 1368 353 1437 διὰ
376 1375 437 1460 rori
463 1379 483 1438 λ
507 1366 525 1436 ὁ
557 1366 619 1454 τὴν
641 1370 794 1456 κωμικὴν
815 1371 905 1452 λέξιν
927 1368 1057 1456 γράψας
1066 1373 1087 1455 ¹)
1108 1365 1191 1436 ἁνα-

81 1471 276 1561 γιγνώσκει.
328 1474 513 1563 Hesychius
541 1496 637 1556 vero,
671 1497 744 1538 cum
770 1477 984 1557 ΔΑιΛΙΟΝ,
1005 1473 1094 1560 quod
1112 1473 1144 1539 h.
1168 1474 1189 1539 1.

81 1576 230 1643 nonnulli
251 1575 497 1665 praeoptabant,
519 1597 585 1640 non
607 1575 735 1658 habeat,
759 1576 817 1642 sed
833 1579 1016 1642 AAAION
1037 1575 1191 1641 exhibeat

81 1682 128 1745 sic
144 1688 221 1766 apte
244 1686 428 1743 enarratum
449 1673 577 1742 δαλόν
599 1677 635 1742 ἐν
658 1689 728 1754 ταῖς
751 1677 947 1760 [sponsatos
970 1671 1110 1742 εἰώθασι
1130 1673 1191 1742 τὸν

81 1777 186 1846 δαλὸν
206 1776 385 1864 ἐμβάλλειν
408 1781 454 1856 εἰς
473 1775 535 1862 τὴν
556 1779 694 1864 χέρνιβα
716 1776 771 1842 καὶ
789 1779 1019 1864 περιρῤαίνειν
1038 1775 1098 1845 τὸν
1120 1784 1190 1865 βω-

80 1879 162 1968 μόν,
195 1884 293 1946 istum
315 1883 443 1968 comici
459 1881 557 1946 lexici
580 1881 780 1947 conditorem
808 1889 863 1944 aut
886 1862 1053 1946 Thoonem
1076 1891 1132 1946 aut
1154 1904 1190 1946 re

79 2008 159 2050 vera
183 1985 364 2072 Didymum
387 1982 644 2068 intellegendum
673 2004 744 2046 0000
767 1983 915 2069 suspicor
941 1983 1037 2047 toties
1060 1981 1102 2047 ab
1125 1983 1191 2047 He-

81 2087 195 2176 sychio
218 2085 413 2174 expilatum,
434 2107 540 2172 neque
564 2086 604 2149 de
623 2082 799 2148 Palamede
820 2082 959 2170 amplius
981 2085 1190 2170 cogitandum

81 2212 167 2270 esse,
197 2210 215 2252 0
238 2209 301 2275 quo
322 2185 483 2250 Methodii
504 2187 594 2251 fonte
616 2185 755 2251 fortasse
777 2183 859 2250 nihil
880 2186 915 2248 in
937 2186 1097 2275 Hesychii
1125 2189 1189 2251 far-

79 2293 228 2378 raginem
247 2289 385 2354 transiit.
417 2287 554 2376 Didymi
572 2286 703 2352 lexicon
716 2286 973 2373 intellegendum
996 2311 1069 2352 0000
1093 2289 1190 2353 etiam

79 2417 130 2481 ap.
166 2391 267 2458 schol.
296 2389 338 2455 ad
359 2392 418 2454 Ar.
442 2389 529 2455 Avv.
562 2391 621 2454 122
649 2389 735 2476 (cod.
764 2389 882 2455 Venet
912 2389 988 2476 474)
1020 2383 1129 2468 οὕτως
1150 2390 1202 2456 ἐν’

78 2499 125 2584 τῷ
148 2496 267 2581 λεξικῷ
288 2515 438 2608 suprap
461 2495 513 2556 65.
536 2490 792 2554 demonstratum
814 2499 873 2556 001.
1243 2501 1250 2511 ·

131 2595 262 2676 Quod
286 2595 373 2660 enim
393 2601 523 2680 praeter
545 2593 793 2656 commentarios
814 2592 953 2680 Didymi
979 2565 1077 2659 etiam
1099 2595 1189 2662 lexin

80 2701 149 2764 eius
172 2696 322 2762 adhibuit
343 2692 570 2784 Symmachus,
594 2693 687 2758 Arist
674 2692 824 2781 tophanis
847 2695 1023 2781 interpres,
1045 2719 1111 2760 non
1130 2699 1190 2760 mi-

78 2823 160 2883 rum,
185 2819 276 2881 cum,
299 2797 376 2862 licet
394 2795 535 2884 plurima
558 2818 575 2860 e
596 2796 837 2882 commentariis
861 2798 928 2860 suis
949 2797 982 2860 in
996 2798 1188 2884 Aristopha-

78 2925 152 2966 nem
186 2900 354 2986 Cratinum
383 2897 527 2986 Eupolin
552 2896 775 2984 Phrynichum
801 2899 1017 2962 Menandrum
1047 2899 1081 2960 in
1116 2898 1188 2964 bre-

78 3003 150 3068 vius
180 3011 347 3067 contracta
374 3001 408 3065 in
435 3000 595 3064 comicum
619 2997 749 3064 lexicon
773 2999 980 3064 transtulisse
1008 2999 1188 3088 Didymum

78 3105 295 3170 demonstrari
309 3103 428 3190 possit,
448 3110 559 3166 tamen
572 3099 626 3164 hic
640 3099 710 3164 illic
732 3124 806 3165 eum
821 3110 963 3167 mutasse
983 3104 1187 3185 sententiam,

78 3206 234 3271 recidisse
267 3204 440 3287 nonnulla,
473 3201 641 3268 addidisse
674 3202 753 3308 alia,
788 3228 824 3269 re
826 3213 985 3270 tractasse
1020 3204 1188 3291 complura

77 3306 247 3394 probabile
269 3308 321 3371 sit.

604 3441 655 3504 38.

161 3561 350 3626 Athenaeus
371 3581 510 3647 quoque,
533 3559 586 3622 cui
601 3557 738 3644 Didymi
760 3563 983 3626 commentarii
1008 3565 1051 3630 ad
1071 3588 1187 3630 manus

78 3663 219 3745 fuerunt,
241 3663 375 3750 insuper
397 3663 502 3727 lexico
525 3663 594 3726 0100
616 3669 672 3725 001
694 3661 857 3749 Pamphili
878 3664 985 3749 potius
1008 3666 1186 3754 farragine,

77 3768 110 3830 in
132 3787 232 3853 quam
254 3765 392 3852 Didymi
420 3763 586 3828 volumina
611 3771 741 3850 recepta
763 3773 853 3848 sunt,
875 3767 923 3830 uti
946 3768 1081 3833 solebat.
1126 3770 1187 3841 Pa-

31 3869 39 3942 ]
76 3875 122 3932 tet
156 3867 219 3932 hoc
242 3889 290 3940 ex
310 3865 431 3932 Athen.
455 3865 507 3928 XI
538 3887 570 3951 p.
592 3864 705 3930 4870
739 3867 816 3949 (vol.
849 3867 885 3931 II
911 3893 944 3956 p.
977 3874 1056 3935 1093
1090 3869 1185 3955 Ddf.)

146 4125 171 4192 l)
191 4125 335 4177 Consuluit
353 4127 486 4192 interpres
504 4127 695 4192 Aristophanis
714 4112 933 4194 (Symmachus‘l)
961 4133 989 4178 et
1010 4129 1184 4196 Didymihy-

77 4216 249 4276 pomnemata
273 4218 301 4263 et
318 4214 425 4264 lexicon
446 4215 592 4282 comicum,
624 4215 665 4264 011
689 4216 823 4288 interpres
849 4215 931 4264 Laur.
956 4215 1097 4280 Sophoclis
1113 4221 1184 4267 teste

76 4299 174 4352 Traeh.
193 4317 220 4351 v.
242 4300 308 4351 1161
329 4305 356 4352 et
374 4303 582 4353 commentarios
596 4307 623 4352 et
641 4294 716 4363 λέξιν
733 4291 870 4366 τραγικήν
889 4301 1016 4367 inspexit.
