<?xml version="1.0" encoding="UTF-8"?>
<!DOCTYPE html PUBLIC "-//W3C//DTD XHTML 1.0 Transitional//EN"
    "http://www.w3.org/TR/xhtml1/DTD/xhtml1-transitional.dtd">
<html xmlns="http://www.w3.org/1999/xhtml" xml:lang="en" lang="en">
 <head>
  <title>
</title>
<meta http-equiv="Content-Type" content="text/html;charset=utf-8" />
  <meta name='ocr-system' content='tesseract 3.04.00' />
  <meta name='ocr-capabilities' content='ocr_page ocr_carea ocr_par ocr_line ocrx_word'/>
</head>
<body>
  <div class='ocr_page' id='page_1' title='image "./didymichalcente01schmgoog_0226.png"; bbox 0 0 2894 4890; ppageno 0'>
   <div class='ocr_carea' id='block_1_1' title="bbox 115 378 1233 1376">
    <p class='ocr_par' dir='ltr' id='par_1_1' title="bbox 584 378 773 454">
     <span class='ocr_line' id='line_1_1' title="bbox 584 378 773 454; baseline 0 -28"><span class='ocrx_word' id='word_1_1' title='bbox 584 415 627 426; x_wconf 84' lang='lat'><strong><em>...</em></strong></span> <span class='ocrx_word' id='word_1_2' title='bbox 670 378 686 454; x_wconf 74' lang='grc' dir='ltr'><strong>ξ</strong></span> <span class='ocrx_word' id='word_1_3' title='bbox 730 415 773 426; x_wconf 82' lang='lat'><strong><em>..-</em></strong></span> 
     </span>
    </p>

    <p class='ocr_par' dir='ltr' id='par_1_2' title="bbox 115 542 1233 733">
     <span class='ocr_line' id='line_1_2' title="bbox 204 542 1233 632; baseline 0.001 -22"><span class='ocrx_word' id='word_1_4' title='bbox 204 549 255 610; x_wconf 83' lang='lat'><strong><em>30.</em></strong></span> <span class='ocrx_word' id='word_1_5' title='bbox 289 549 551 628; x_wconf 75' lang='grc' dir='ltr'><strong><em>κεκληγῶτας</em></strong></span> <span class='ocrx_word' id='word_1_6' title='bbox 579 543 633 609; x_wconf 81' lang='grc' dir='ltr'><strong><em>καὶ</em></strong></span> <span class='ocrx_word' id='word_1_7' title='bbox 664 542 942 630; x_wconf 82' lang='grc' dir='ltr'><strong><em>κεκληχόντες</em></strong></span> <span class='ocrx_word' id='word_1_8' title='bbox 964 547 1040 632; x_wconf 74' lang='grc' dir='ltr'><strong><em>(εἰσ)</em></strong></span> <span class='ocrx_word' id='word_1_9' title='bbox 1067 548 1167 629; x_wconf 76' lang='grc' dir='ltr'><strong><em>διχῶς</em></strong></span> <span class='ocrx_word' id='word_1_10' title='bbox 1197 549 1233 611; x_wconf 92' lang='grc' dir='ltr'><strong><em>αί</em></strong></span> 
     </span>
     <span class='ocr_line' id='line_1_3' title="bbox 115 644 797 733; baseline -0.003 -21"><span class='ocrx_word' id='word_1_11' title='bbox 115 644 366 731; x_wconf 76' lang='grc' dir='ltr'><strong><em>Ἀριστάρχειοι.</em></strong></span> <span class='ocrx_word' id='word_1_12' title='bbox 388 648 428 728; x_wconf 99' lang='lat' dir='ltr'><strong><em>Q.</em></strong></span> <span class='ocrx_word' id='word_1_13' title='bbox 452 647 577 733; x_wconf 88' lang='lat' dir='ltr'>(Harl.)</span> <span class='ocrx_word' id='word_1_14' title='bbox 603 648 655 712; x_wconf 79' lang='lat' dir='ltr'><strong><em>Of.</em></strong></span> <span class='ocrx_word' id='word_1_15' title='bbox 679 673 701 732; x_wconf 88' lang='grc' dir='ltr'><strong><em>μ</em></strong></span> <span class='ocrx_word' id='word_1_16' title='bbox 725 651 797 712; x_wconf 90' lang='grc'><strong>256.</strong></span> 
     </span>
    </p>

    <p class='ocr_par' dir='ltr' id='par_1_3' title="bbox 117 759 1231 1048">
     <span class='ocr_line' id='line_1_4' title="bbox 204 759 1231 854; baseline 0.002 -25"><span class='ocrx_word' id='word_1_17' title='bbox 204 769 254 829; x_wconf 89' lang='grc'><strong><em>35.</em></strong></span> <span class='ocrx_word' id='word_1_18' title='bbox 281 763 408 830; x_wconf 78' lang='lat' dir='ltr'>‘Schol</span> <span class='ocrx_word' id='word_1_19' title='bbox 431 759 605 842; x_wconf 76' lang='grc' dir='ltr'><strong><em>ἄλλυδις</em></strong></span> <span class='ocrx_word' id='word_1_20' title='bbox 628 761 748 851; x_wconf 92' lang='grc' dir='ltr'><strong><em>άλλη,</em></strong></span> <span class='ocrx_word' id='word_1_21' title='bbox 774 775 806 830; x_wconf 81' lang='lat' dir='ltr'>et</span> <span class='ocrx_word' id='word_1_22' title='bbox 828 765 978 854; x_wconf 52' lang='lat' dir='ltr'>og&#39;super</span> <span class='ocrx_word' id='word_1_23' title='bbox 998 775 1047 850; x_wconf 82' lang='grc' dir='ltr'><strong><em>η.’</em></strong></span> <span class='ocrx_word' id='word_1_24' title='bbox 1071 767 1173 831; x_wconf 86' lang='lat' dir='ltr'>Porso</span> <span class='ocrx_word' id='word_1_25' title='bbox 1189 788 1231 831; x_wconf 88' lang='lat' dir='ltr'>ex</span> 
     </span>
     <span class='ocr_line' id='line_1_5' title="bbox 117 867 1229 957; baseline -0.001 -25"><span class='ocrx_word' id='word_1_26' title='bbox 117 869 211 932; x_wconf 86' lang='lat' dir='ltr'><strong>Harl.</strong></span> <span class='ocrx_word' id='word_1_27' title='bbox 253 867 367 932; x_wconf 83' lang='lat' dir='ltr'><strong>Voluit</strong></span> <span class='ocrx_word' id='word_1_28' title='bbox 388 870 490 952; x_wconf 86' lang='lat' dir='ltr'>igitur</span> <span class='ocrx_word' id='word_1_29' title='bbox 508 870 619 932; x_wconf 92' lang='lat' dir='ltr'>nescio</span> <span class='ocrx_word' id='word_1_30' title='bbox 639 870 712 956; x_wconf 91' lang='lat' dir='ltr'>quis</span> <span class='ocrx_word' id='word_1_31' title='bbox 739 870 1017 957; x_wconf 76' lang='lat' dir='ltr'>(Aristophanes‘l</span> <span class='ocrx_word' id='word_1_32' title='bbox 1046 870 1130 934; x_wconf 79' lang='grc' dir='ltr'><strong><em>ο1.λ</em></strong></span> <span class='ocrx_word' id='word_1_33' title='bbox 1153 871 1229 951; x_wconf 89' lang='grc'><strong>385)</strong></span> 
     </span>
     <span class='ocr_line' id='line_1_6' title="bbox 117 964 409 1048; baseline -0.003 -13"><span class='ocrx_word' id='word_1_34' title='bbox 117 969 257 1048; x_wconf 76' lang='grc' dir='ltr'><strong><em>ἄλλυδις</em></strong></span> <span class='ocrx_word' id='word_1_35' title='bbox 276 964 409 1047; x_wconf 88' lang='grc' dir='ltr'><strong><em>άλλονς.</em></strong></span> 
     </span>
    </p>

    <p class='ocr_par' dir='ltr' id='par_1_4' title="bbox 120 1083 1231 1276">
     <span class='ocr_line' id='line_1_7' title="bbox 204 1083 1231 1177; baseline 0.003 -25"><span class='ocrx_word' id='word_1_36' title='bbox 204 1092 254 1152; x_wconf 91' lang='grc'><strong><em>65.</em></strong></span> <span class='ocrx_word' id='word_1_37' title='bbox 278 1087 344 1153; x_wconf 80' lang='grc' dir='ltr'><strong><em>ἐπὶ</em></strong></span> <span class='ocrx_word' id='word_1_38' title='bbox 365 1089 491 1172; x_wconf 76' lang='grc' dir='ltr'><strong><em>ἔργον</em></strong></span> <span class='ocrx_word' id='word_1_39' title='bbox 513 1085 625 1176; x_wconf 85' lang='grc' dir='ltr'><strong><em>άέξη·</em></strong></span> <span class='ocrx_word' id='word_1_40' title='bbox 649 1085 867 1174; x_wconf 80' lang='grc' dir='ltr'><strong><em>εὔμορφον</em></strong></span> <span class='ocrx_word' id='word_1_41' title='bbox 887 1083 998 1177; x_wconf 84' lang='grc' dir='ltr'><strong><em>άέξη·</em></strong></span> <span class='ocrx_word' id='word_1_42' title='bbox 1022 1084 1231 1176; x_wconf 79' lang='grc' dir='ltr'><strong><em>οὕτωςἈρί-</em></strong></span> 
     </span>
     <span class='ocr_line' id='line_1_8' title="bbox 120 1187 385 1276; baseline -0.011 -21"><span class='ocrx_word' id='word_1_43' title='bbox 120 1208 270 1276; x_wconf 91' lang='grc' dir='ltr'><strong><em>σταρχος.</em></strong></span> <span class='ocrx_word' id='word_1_44' title='bbox 292 1187 385 1253; x_wconf 85' lang='lat' dir='ltr'>Harl.</span> 
     </span>
    </p>

    <p class='ocr_par' dir='ltr' id='par_1_5' title="bbox 203 1287 760 1376">
     <span class='ocr_line' id='line_1_9' title="bbox 203 1287 760 1376; baseline 0.009 -23"><span class='ocrx_word' id='word_1_45' title='bbox 203 1290 300 1354; x_wconf 77' lang='lat'>1112.</span> <span class='ocrx_word' id='word_1_46' title='bbox 324 1287 506 1376; x_wconf 83' lang='grc' dir='ltr'><strong><em>σκύφος·</em></strong></span> <span class='ocrx_word' id='word_1_47' title='bbox 531 1294 697 1376; x_wconf 76' lang='grc' dir='ltr'><strong><em>διχῶς...</em></strong></span> <span class='ocrx_word' id='word_1_48' title='bbox 720 1295 760 1358; x_wconf 93' lang='grc' dir='ltr'><strong><em>Β.</em></strong></span> 
     </span>
    </p>
   </div>
   <div class='ocr_carea' id='block_1_2' title="bbox 119 1406 1232 1807">
    <p class='ocr_par' dir='ltr' id='par_1_6' title="bbox 119 1406 1232 1807">
     <span class='ocr_line' id='line_1_10' title="bbox 206 1406 1231 1498; baseline 0.007 -27"><span class='ocrx_word' id='word_1_49' title='bbox 206 1411 276 1472; x_wconf 88' lang='grc'><strong>135.</strong></span> <span class='ocrx_word' id='word_1_50' title='bbox 312 1415 351 1472; x_wconf 86' lang='grc' dir='ltr'><strong><em>εί</em></strong></span> <span class='ocrx_word' id='word_1_51' title='bbox 367 1414 428 1489; x_wconf 84' lang='grc' dir='ltr'><strong><em>τίς</em></strong></span> <span class='ocrx_word' id='word_1_52' title='bbox 450 1437 530 1477; x_wconf 91' lang='grc' dir='ltr'><strong><em>τοι·</em></strong></span> <span class='ocrx_word' id='word_1_53' title='bbox 558 1416 706 1496; x_wconf 77' lang='grc' dir='ltr'><strong><em>Διοκλῆς</em></strong></span> <span class='ocrx_word' id='word_1_54' title='bbox 727 1407 856 1478; x_wconf 67' lang='lat' dir='ltr'>issar·</span> <span class='ocrx_word' id='word_1_55' title='bbox 890 1407 969 1478; x_wconf 77' lang='grc' dir='ltr'><strong><em>οὔτε</em></strong></span> <span class='ocrx_word' id='word_1_56' title='bbox 987 1409 1052 1498; x_wconf 80' lang='grc' dir='ltr'><strong><em>γάρ</em></strong></span> <span class='ocrx_word' id='word_1_57' title='bbox 1074 1406 1094 1497; x_wconf 82' lang='grc' dir='ltr'><em>ἡ</em></span> <span class='ocrx_word' id='word_1_58' title='bbox 1117 1419 1231 1496; x_wconf 90' lang='grc' dir='ltr'><strong><em>Πηνε-</em></strong></span> 
     </span>
     <span class='ocr_line' id='line_1_11' title="bbox 121 1508 1231 1597; baseline -0.002 -15"><span class='ocrx_word' id='word_1_59' title='bbox 121 1513 240 1583; x_wconf 89' lang='grc' dir='ltr'><strong><em>λόπεια</em></strong></span> <span class='ocrx_word' id='word_1_60' title='bbox 266 1511 376 1580; x_wconf 86' lang='grc' dir='ltr'><strong><em>πάντα</em></strong></span> <span class='ocrx_word' id='word_1_61' title='bbox 405 1508 648 1597; x_wconf 78' lang='grc' dir='ltr'><strong><em>ἀμφιέννυσιν,</em></strong></span> <span class='ocrx_word' id='word_1_62' title='bbox 683 1509 764 1580; x_wconf 76' lang='grc' dir='ltr'><strong><em>οὔθ’</em></strong></span> <span class='ocrx_word' id='word_1_63' title='bbox 790 1510 898 1593; x_wconf 80' lang='grc' dir='ltr'><strong><em>οὕτως</em></strong></span> <span class='ocrx_word' id='word_1_64' title='bbox 924 1512 1032 1580; x_wconf 88' lang='grc' dir='ltr'><strong><em>πάντα</em></strong></span> <span class='ocrx_word' id='word_1_65' title='bbox 1052 1511 1108 1579; x_wconf 88' lang='grc' dir='ltr'><strong><em>διά</em></strong></span> <span class='ocrx_word' id='word_1_66' title='bbox 1131 1521 1231 1580; x_wconf 87' lang='grc' dir='ltr'><strong><em>τοῦτο</em></strong></span> 
     </span>
     <span class='ocr_line' id='line_1_12' title="bbox 124 1611 1232 1703; baseline 0 -21"><span class='ocrx_word' id='word_1_67' title='bbox 124 1617 295 1700; x_wconf 84' lang='grc' dir='ltr'><strong><em>ψεύδεται,</em></strong></span> <span class='ocrx_word' id='word_1_68' title='bbox 317 1612 401 1682; x_wconf 90' lang='grc' dir='ltr'><strong><em>άλλά</em></strong></span> <span class='ocrx_word' id='word_1_69' title='bbox 419 1618 474 1681; x_wconf 79' lang='grc' dir='ltr'><strong><em>καὶ</em></strong></span> <span class='ocrx_word' id='word_1_70' title='bbox 495 1611 550 1680; x_wconf 87' lang='grc' dir='ltr'><strong><em>διά</em></strong></span> <span class='ocrx_word' id='word_1_71' title='bbox 574 1615 683 1702; x_wconf 81' lang='grc' dir='ltr'><strong><em>μόνην</em></strong></span> <span class='ocrx_word' id='word_1_72' title='bbox 708 1614 867 1695; x_wconf 78' lang='grc' dir='ltr'><strong><em>πολλάκις</em></strong></span> <span class='ocrx_word' id='word_1_73' title='bbox 886 1615 1028 1703; x_wconf 77' lang='grc' dir='ltr'><strong><em>τροφήν.</em></strong></span> <span class='ocrx_word' id='word_1_74' title='bbox 1050 1618 1090 1699; x_wconf 95' lang='lat' dir='ltr'><strong><em>Q.</em></strong></span> <span class='ocrx_word' id='word_1_75' title='bbox 1127 1618 1232 1682; x_wconf 91' lang='lat' dir='ltr'>Dubi-</span> 
     </span>
     <span class='ocr_line' id='line_1_13' title="bbox 119 1717 1231 1807; baseline -0.001 -24"><span class='ocrx_word' id='word_1_76' title='bbox 119 1729 226 1784; x_wconf 88' lang='lat' dir='ltr'>tanter</span> <span class='ocrx_word' id='word_1_77' title='bbox 246 1719 366 1807; x_wconf 85' lang='lat' dir='ltr'>recepi.</span> <span class='ocrx_word' id='word_1_78' title='bbox 390 1717 455 1784; x_wconf 87' lang='lat' dir='ltr'>Sed</span> <span class='ocrx_word' id='word_1_79' title='bbox 471 1718 615 1802; x_wconf 89' lang='lat' dir='ltr'>Diocles,</span> <span class='ocrx_word' id='word_1_80' title='bbox 637 1722 665 1784; x_wconf 91' lang='lat' dir='ltr'>si</span> <span class='ocrx_word' id='word_1_81' title='bbox 687 1720 932 1807; x_wconf 88' lang='lat' dir='ltr'>aTyrannione</span> <span class='ocrx_word' id='word_1_82' title='bbox 950 1743 1016 1785; x_wconf 91' lang='lat' dir='ltr'><strong><em>non</em></strong></span> <span class='ocrx_word' id='word_1_83' title='bbox 1029 1721 1231 1804; x_wconf 86' lang='lat' dir='ltr'>distinguen-</span> 
     </span>
    </p>
   </div>
   <div class='ocr_carea' id='block_1_3' title="bbox 121 1808 1337 1908">
    <p class='ocr_par' dir='ltr' id='par_1_7' title="bbox 121 1808 1337 1908">
     <span class='ocr_line' id='line_1_14' title="bbox 121 1808 1337 1908; baseline 0.001 -24"><span class='ocrx_word' id='word_1_84' title='bbox 121 1823 180 1886; x_wconf 90' lang='lat' dir='ltr'>dus</span> <span class='ocrx_word' id='word_1_85' title='bbox 203 1831 267 1905; x_wconf 87' lang='lat' dir='ltr'>est,</span> <span class='ocrx_word' id='word_1_86' title='bbox 300 1830 427 1908; x_wconf 89' lang='lat' dir='ltr'>poterat</span> <span class='ocrx_word' id='word_1_87' title='bbox 451 1844 475 1891; x_wconf 83' lang='lat' dir='ltr'><strong><em>a¹</em></strong></span> <span class='ocrx_word' id='word_1_88' title='bbox 491 1820 638 1906; x_wconf 87' lang='lat' dir='ltr'>Didymo</span> <span class='ocrx_word' id='word_1_89' title='bbox 661 1821 820 1886; x_wconf 86' lang='lat' dir='ltr'>adhiberi.</span> <span class='ocrx_word' id='word_1_90' title='bbox 848 1808 987 1885; x_wconf 82' lang='lat' dir='ltr'><strong><em>¹lterum</em></strong></span> <span class='ocrx_word' id='word_1_91' title='bbox 1008 1811 1143 1886; x_wconf 90' lang='lat' dir='ltr'>Diocles</span> <span class='ocrx_word' id='word_1_92' title='bbox 1166 1822 1232 1885; x_wconf 92' lang='lat' dir='ltr'>lau·</span> <span class='ocrx_word' id='word_1_93' title='bbox 1331 1846 1337 1859; x_wconf 90' lang='lat'><strong>·</strong></span> 
     </span>
    </p>
   </div>
   <div class='ocr_carea' id='block_1_4' title="bbox 39 1923 1234 3321">
    <p class='ocr_par' dir='ltr' id='par_1_8' title="bbox 122 1923 1231 2412">
     <span class='ocr_line' id='line_1_15' title="bbox 122 1923 625 1987; baseline 0.002 -2"><span class='ocrx_word' id='word_1_94' title='bbox 122 1923 252 1986; x_wconf 80' lang='lat' dir='ltr'>daturs</span> <span class='ocrx_word' id='word_1_95' title='bbox 277 1928 339 1987; x_wconf 82' lang='lat'><strong><em>457</em></strong></span> <span class='ocrx_word' id='word_1_96' title='bbox 362 1925 399 1986; x_wconf 92' lang='grc' dir='ltr'><em>Ν</em></span> <span class='ocrx_word' id='word_1_97' title='bbox 420 1924 479 1986; x_wconf 85' lang='grc'><strong>103</strong></span> <span class='ocrx_word' id='word_1_98' title='bbox 502 1926 535 1986; x_wconf 87' lang='grc' dir='ltr'><strong><em>Χ</em></strong></span> <span class='ocrx_word' id='word_1_99' title='bbox 553 1924 625 1986; x_wconf 82' lang='grc'><strong>208.</strong></span> 
     </span>
     <span class='ocr_line' id='line_1_16' title="bbox 207 2023 1034 2094; baseline 0.002 -8"><span class='ocrx_word' id='word_1_100' title='bbox 207 2027 276 2088; x_wconf 89' lang='grc'><strong>162.</strong></span> <span class='ocrx_word' id='word_1_101' title='bbox 301 2027 371 2088; x_wconf 92' lang='grc'><strong>188.</strong></span> <span class='ocrx_word' id='word_1_102' title='bbox 395 2026 468 2088; x_wconf 85' lang='grc'><strong>435.</strong></span> <span class='ocrx_word' id='word_1_103' title='bbox 492 2023 581 2087; x_wconf 91' lang='lat' dir='ltr'>Malo</span> <span class='ocrx_word' id='word_1_104' title='bbox 603 2025 792 2094; x_wconf 78' lang='lat' dir='ltr'>Aristonico</span> <span class='ocrx_word' id='word_1_105' title='bbox 813 2023 969 2089; x_wconf 88' lang='lat' dir='ltr'>tribuere.</span> <span class='ocrx_word' id='word_1_106' title='bbox 991 2023 1034 2088; x_wconf 89' lang='lat' dir='ltr'><strong><em>H.</em></strong></span> 
     </span>
     <span class='ocr_line' id='line_1_17' title="bbox 211 2123 1177 2214; baseline 0 -26"><span class='ocrx_word' id='word_1_107' title='bbox 211 2132 281 2190; x_wconf 88' lang='lat'>171.</span> <span class='ocrx_word' id='word_1_108' title='bbox 305 2123 493 2208; x_wconf 83' lang='grc' dir='ltr'><strong><em>Ζηνόδοτος</em></strong></span> <span class='ocrx_word' id='word_1_109' title='bbox 515 2135 658 2189; x_wconf 85' lang='grc' dir='ltr'><strong><em>κεῖνον</em></strong></span> <span class='ocrx_word' id='word_1_110' title='bbox 680 2129 763 2210; x_wconf 82' lang='grc' dir='ltr'><strong><em>μέν.</em></strong></span> <span class='ocrx_word' id='word_1_111' title='bbox 787 2126 880 2190; x_wconf 88' lang='lat' dir='ltr'>Harl.</span> <span class='ocrx_word' id='word_1_112' title='bbox 904 2150 962 2214; x_wconf 85' lang='lat' dir='ltr'><strong><em>pro</em></strong></span> <span class='ocrx_word' id='word_1_113' title='bbox 981 2124 1086 2209; x_wconf 82' lang='grc' dir='ltr'><strong><em>ὅρκον</em></strong></span> <span class='ocrx_word' id='word_1_114' title='bbox 1106 2127 1177 2208; x_wconf 87' lang='grc' dir='ltr'><strong><em>μέν.</em></strong></span> 
     </span>
     <span class='ocr_line' id='line_1_18' title="bbox 210 2221 1231 2318; baseline 0.001 -29"><span class='ocrx_word' id='word_1_115' title='bbox 210 2231 279 2292; x_wconf 87' lang='grc'><strong>176.</strong></span> <span class='ocrx_word' id='word_1_116' title='bbox 304 2225 397 2291; x_wconf 79' lang='grc' dir='ltr'><strong><em>οὔτι</em></strong></span> <span class='ocrx_word' id='word_1_117' title='bbox 413 2225 575 2318; x_wconf 90' lang='grc' dir='ltr'><strong><em>χέρεια,</em></strong></span> <span class='ocrx_word' id='word_1_118' title='bbox 597 2221 936 2312; x_wconf 77' lang='grc' dir='ltr'><strong><em>οὕτωςἈρίσταρχος.</em></strong></span> <span class='ocrx_word' id='word_1_119' title='bbox 971 2226 1064 2292; x_wconf 84' lang='lat' dir='ltr'>Harl.</span> <span class='ocrx_word' id='word_1_120' title='bbox 1087 2226 1231 2313; x_wconf 90' lang='lat' dir='ltr'>Hesych.</span> 
     </span>
     <span class='ocr_line' id='line_1_19' title="bbox 122 2314 1030 2412; baseline 0.006 -22"><span class='ocrx_word' id='word_1_121' title='bbox 122 2349 195 2390; x_wconf 89' lang='lat' dir='ltr'><strong><em>cnm</em></strong></span> <span class='ocrx_word' id='word_1_122' title='bbox 216 2328 306 2412; x_wconf 84' lang='lat' dir='ltr'>vulg.</span> <span class='ocrx_word' id='word_1_123' title='bbox 329 2328 442 2393; x_wconf 91' lang='lat' dir='ltr'>scholl.</span> <span class='ocrx_word' id='word_1_124' title='bbox 467 2331 638 2394; x_wconf 81' lang='lat' dir='ltr'>consentit.</span> <span class='ocrx_word' id='word_1_125' title='bbox 1027 2314 1030 2320; x_wconf 44' lang='grc'><em>’</em></span> 
     </span>
    </p>

    <p class='ocr_par' dir='ltr' id='par_1_9' title="bbox 39 2447 1234 3017">
     <span class='ocr_line' id='line_1_20' title="bbox 161 2447 1231 2534; baseline 0.005 -28"><span class='ocrx_word' id='word_1_126' title='bbox 161 2485 165 2489; x_wconf 94' lang='grc'>-</span> <span class='ocrx_word' id='word_1_127' title='bbox 208 2448 279 2509; x_wconf 85' lang='grc'><strong>264.</strong></span> <span class='ocrx_word' id='word_1_128' title='bbox 304 2450 551 2531; x_wconf 85' lang='grc' dir='ltr'><strong><em>Καλλίστρατος</em></strong></span> <span class='ocrx_word' id='word_1_129' title='bbox 571 2449 608 2512; x_wconf 90' lang='grc' dir='ltr'><strong><em>έν</em></strong></span> <span class='ocrx_word' id='word_1_130' title='bbox 630 2452 670 2533; x_wconf 74' lang='grc' dir='ltr'><strong><em>τῇ</em></strong></span> <span class='ocrx_word' id='word_1_131' title='bbox 688 2447 725 2513; x_wconf 79' lang='grc' dir='ltr'><strong><em>ἐκ</em></strong></span> <span class='ocrx_word' id='word_1_132' title='bbox 747 2451 924 2513; x_wconf 84' lang='grc' dir='ltr'><strong><em>Μουσείου</em></strong></span> <span class='ocrx_word' id='word_1_133' title='bbox 949 2447 1035 2534; x_wconf 88' lang='lat' dir='ltr'>(cod.</span> <span class='ocrx_word' id='word_1_134' title='bbox 1049 2470 1107 2531; x_wconf 85' lang='grc' dir='ltr'><strong><em>ων,</em></strong></span> <span class='ocrx_word' id='word_1_135' title='bbox 1123 2447 1231 2532; x_wconf 73' lang='lat' dir='ltr'>velus)</span> 
     </span>
     <span class='ocr_line' id='line_1_21' title="bbox 123 2544 1233 2636; baseline 0.001 -25"><span class='ocrx_word' id='word_1_136' title='bbox 123 2544 297 2629; x_wconf 83' lang='grc' dir='ltr'><strong><em>Κάστωρ</em></strong></span> <span class='ocrx_word' id='word_1_137' title='bbox 320 2550 401 2631; x_wconf 82' lang='grc' dir='ltr'><strong><em>φησὶ</em></strong></span> <span class='ocrx_word' id='word_1_138' title='bbox 425 2544 627 2634; x_wconf 79' lang='grc' dir='ltr'><strong><em>γεγράφθαι.</em></strong></span> <span class='ocrx_word' id='word_1_139' title='bbox 651 2549 743 2614; x_wconf 89' lang='lat' dir='ltr'>Harl.</span> <span class='ocrx_word' id='word_1_140' title='bbox 774 2550 889 2636; x_wconf 88' lang='lat' dir='ltr'>Itaque</span> <span class='ocrx_word' id='word_1_141' title='bbox 910 2551 945 2612; x_wconf 92' lang='lat' dir='ltr'><strong><em>in</em></strong></span> <span class='ocrx_word' id='word_1_142' title='bbox 966 2549 1041 2613; x_wconf 90' lang='lat' dir='ltr'>aliis</span> <span class='ocrx_word' id='word_1_143' title='bbox 1066 2549 1157 2613; x_wconf 90' lang='lat' dir='ltr'>libris</span> <span class='ocrx_word' id='word_1_144' title='bbox 1179 2550 1233 2613; x_wconf 88' lang='lat' dir='ltr'>vel</span> 
     </span>
     <span class='ocr_line' id='line_1_22' title="bbox 124 2643 1232 2737; baseline -0.001 -25"><span class='ocrx_word' id='word_1_145' title='bbox 124 2643 274 2733; x_wconf 86' lang='grc' dir='ltr'><strong><em>Μάστωρ</em></strong></span> <span class='ocrx_word' id='word_1_146' title='bbox 294 2649 356 2713; x_wconf 86' lang='lat' dir='ltr'><strong><em>fuit</em></strong></span> <span class='ocrx_word' id='word_1_147' title='bbox 374 2651 426 2715; x_wconf 91' lang='lat' dir='ltr'>vel</span> <span class='ocrx_word' id='word_1_148' title='bbox 448 2648 631 2737; x_wconf 85' lang='grc' dir='ltr'><strong><em>Κάστορος.</em></strong></span> <span class='ocrx_word' id='word_1_149' title='bbox 648 2690 689 2698; x_wconf 89' lang='lat'><em>-</em></span> <span class='ocrx_word' id='word_1_150' title='bbox 707 2650 795 2732; x_wconf 83' lang='lat' dir='ltr'>Quid</span> <span class='ocrx_word' id='word_1_151' title='bbox 816 2651 989 2715; x_wconf 89' lang='lat' dir='ltr'>Lehrsium</span> <span class='ocrx_word' id='word_1_152' title='bbox 1012 2651 1232 2732; x_wconf 80' lang='lat' dir='ltr'>commoverit,</span> 
     </span>
     <span class='ocr_line' id='line_1_23' title="bbox 122 2749 1234 2839; baseline 0 -27"><span class='ocrx_word' id='word_1_153' title='bbox 122 2756 158 2812; x_wconf 85' lang='lat' dir='ltr'><strong><em>ut</em></strong></span> <span class='ocrx_word' id='word_1_154' title='bbox 183 2749 217 2810; x_wconf 93' lang='lat' dir='ltr'><strong><em>in</em></strong></span> <span class='ocrx_word' id='word_1_155' title='bbox 239 2750 341 2813; x_wconf 88' lang='lat' dir='ltr'>Arist.</span> <span class='ocrx_word' id='word_1_156' title='bbox 364 2774 396 2837; x_wconf 87' lang='lat' dir='ltr'><strong><em>p.</em></strong></span> <span class='ocrx_word' id='word_1_157' title='bbox 421 2756 460 2818; x_wconf 88' lang='lat'><strong><em>30</em></strong></span> <span class='ocrx_word' id='word_1_158' title='bbox 488 2762 555 2818; x_wconf 91' lang='lat' dir='ltr'>not.</span> <span class='ocrx_word' id='word_1_159' title='bbox 585 2754 752 2839; x_wconf 80' lang='lat' dir='ltr'>scripserit</span> <span class='ocrx_word' id='word_1_160' title='bbox 789 2752 893 2815; x_wconf 78' lang='lat' dir='ltr'>‘haec</span> <span class='ocrx_word' id='word_1_161' title='bbox 913 2751 1078 2815; x_wconf 84' lang='lat' dir='ltr'>adnotatio</span> <span class='ocrx_word' id='word_1_162' title='bbox 1097 2749 1234 2837; x_wconf 85' lang='lat' dir='ltr'>Didymi</span> 
     </span>
     <span class='ocr_line' id='line_1_24' title="bbox 39 2844 1233 2940; baseline 0.002 -28"><span class='ocrx_word' id='word_1_163' title='bbox 39 2844 43 2850; x_wconf 71' lang='grc'><strong>’</strong></span> <span class='ocrx_word' id='word_1_164' title='bbox 122 2872 188 2913; x_wconf 92' lang='lat' dir='ltr'><strong><em>non</em></strong></span> <span class='ocrx_word' id='word_1_165' title='bbox 218 2859 286 2934; x_wconf 67' lang='grc' dir='ltr'><strong><em>σεδ,</em></strong></span> <span class='ocrx_word' id='word_1_166' title='bbox 320 2859 369 2914; x_wconf 90' lang='lat' dir='ltr'><strong><em>est</em></strong></span> <span class='ocrx_word' id='word_1_167' title='bbox 398 2851 537 2918; x_wconf 88' lang='lat' dir='ltr'>fortasse</span> <span class='ocrx_word' id='word_1_168' title='bbox 565 2853 745 2918; x_wconf 84' lang='lat' dir='ltr'>Aristonici</span> <span class='ocrx_word' id='word_1_169' title='bbox 773 2853 993 2940; x_wconf 78' lang='grc' dir='ltr'><strong>(ο1.Σ36)’,</strong></span> <span class='ocrx_word' id='word_1_170' title='bbox 1027 2853 1153 2915; x_wconf 91' lang='lat' dir='ltr'>nescire</span> <span class='ocrx_word' id='word_1_171' title='bbox 1181 2874 1233 2914; x_wconf 89' lang='lat' dir='ltr'>me</span> 
     </span>
     <span class='ocr_line' id='line_1_25' title="bbox 122 2950 283 3017; baseline 0.019 -4"><span class='ocrx_word' id='word_1_172' title='bbox 122 2950 238 3017; x_wconf 85' lang='lat' dir='ltr'>fateor.</span> <span class='ocrx_word' id='word_1_173' title='bbox 282 2967 283 2970; x_wconf 74' lang='grc'>’</span> 
     </span>
    </p>

    <p class='ocr_par' dir='ltr' id='par_1_10' title="bbox 124 3055 1229 3321">
     <span class='ocr_line' id='line_1_26' title="bbox 210 3055 1035 3142; baseline 0.005 -27"><span class='ocrx_word' id='word_1_174' title='bbox 210 3055 281 3117; x_wconf 88' lang='grc'><strong>231.</strong></span> <span class='ocrx_word' id='word_1_175' title='bbox 305 3057 378 3118; x_wconf 91' lang='grc' dir='ltr'><strong><em>καί</em></strong></span> <span class='ocrx_word' id='word_1_176' title='bbox 394 3077 482 3139; x_wconf 87' lang='grc' dir='ltr'><strong><em>μοι·</em></strong></span> <span class='ocrx_word' id='word_1_177' title='bbox 504 3055 694 3142; x_wconf 83' lang='grc' dir='ltr'><strong><em>Ζηνόδοτος</em></strong></span> <span class='ocrx_word' id='word_1_178' title='bbox 715 3058 784 3121; x_wconf 85' lang='grc' dir='ltr'><strong><em>καί</em></strong></span> <span class='ocrx_word' id='word_1_179' title='bbox 804 3072 918 3139; x_wconf 87' lang='grc' dir='ltr'><strong><em>σφιν.</em></strong></span> <span class='ocrx_word' id='word_1_180' title='bbox 942 3055 1035 3119; x_wconf 90' lang='lat' dir='ltr'>Harl.</span> 
     </span>
     <span class='ocr_line' id='line_1_27' title="bbox 207 3149 1229 3245; baseline 0.003 -28"><span class='ocrx_word' id='word_1_181' title='bbox 207 3156 280 3219; x_wconf 85' lang='grc'><strong>286.</strong></span> <span class='ocrx_word' id='word_1_182' title='bbox 314 3149 497 3242; x_wconf 78' lang='grc' dir='ltr'><strong><em>ἡΑίολικίχ</em></strong></span> <span class='ocrx_word' id='word_1_183' title='bbox 527 3159 565 3237; x_wconf 86' lang='grc' dir='ltr'><strong><em>ές</em></strong></span> <span class='ocrx_word' id='word_1_184' title='bbox 592 3162 748 3245; x_wconf 90' lang='grc' dir='ltr'><strong><em>δίφρον</em></strong></span> <span class='ocrx_word' id='word_1_185' title='bbox 775 3152 808 3221; x_wconf 85' lang='grc' dir='ltr'><strong><em>δ’</em></strong></span> <span class='ocrx_word' id='word_1_186' title='bbox 840 3152 1010 3241; x_wconf 91' lang='grc' dir='ltr'><strong><em>άνέσας,</em></strong></span> <span class='ocrx_word' id='word_1_187' title='bbox 1040 3150 1229 3239; x_wconf 79' lang='grc' dir='ltr'><strong><em>άναχαχών.</em></strong></span> 
     </span>
     <span class='ocr_line' id='line_1_28' title="bbox 124 3254 216 3321; baseline 0 -1"><span class='ocrx_word' id='word_1_188' title='bbox 124 3254 216 3321; x_wconf 89' lang='lat' dir='ltr'>Harl.</span> 
     </span>
    </p>
   </div>
   <div class='ocr_carea' id='block_1_5' title="bbox 62 3364 1261 4173">
    <p class='ocr_par' dir='ltr' id='par_1_11' title="bbox 122 3364 1231 3540">
     <span class='ocr_line' id='line_1_29' title="bbox 209 3364 1231 3464; baseline 0.004 -25"><span class='ocrx_word' id='word_1_189' title='bbox 209 3377 282 3440; x_wconf 86' lang='grc'><strong>295.</strong></span> <span class='ocrx_word' id='word_1_190' title='bbox 298 3369 426 3455; x_wconf 90' lang='grc' dir='ltr'><strong><em>Ῥιανός</em></strong></span> <span class='ocrx_word' id='word_1_191' title='bbox 446 3364 550 3462; x_wconf 75' lang='grc' dir='ltr'><strong><em>φησίν</em></strong></span> <span class='ocrx_word' id='word_1_192' title='bbox 572 3378 791 3464; x_wconf 82' lang='grc' dir='ltr'><strong><em>ἐφέσσατο,</em></strong></span> <span class='ocrx_word' id='word_1_193' title='bbox 814 3376 1005 3462; x_wconf 83' lang='grc' dir='ltr'><strong><em>Ζηνόδοτος</em></strong></span> <span class='ocrx_word' id='word_1_194' title='bbox 1023 3377 1231 3462; x_wconf 81' lang='grc' dir='ltr'><strong><em>ἐφείσατο.</em></strong></span> 
     </span>
     <span class='ocr_line' id='line_1_30' title="bbox 122 3476 216 3540; baseline 0.011 -1"><span class='ocrx_word' id='word_1_195' title='bbox 122 3476 216 3540; x_wconf 91' lang='lat' dir='ltr'>Harl.</span> 
     </span>
    </p>

    <p class='ocr_par' dir='ltr' id='par_1_12' title="bbox 211 3572 958 3667">
     <span class='ocr_line' id='line_1_31' title="bbox 211 3572 958 3667; baseline 0.001 -25"><span class='ocrx_word' id='word_1_196' title='bbox 211 3581 282 3642; x_wconf 87' lang='lat'>317.</span> <span class='ocrx_word' id='word_1_197' title='bbox 302 3572 428 3656; x_wconf 86' lang='grc' dir='ltr'><strong><em>Ῥιανός</em></strong></span> <span class='ocrx_word' id='word_1_198' title='bbox 450 3576 573 3664; x_wconf 82' lang='grc' dir='ltr'><strong><em>γράφει</em></strong></span> <span class='ocrx_word' id='word_1_199' title='bbox 596 3575 752 3664; x_wconf 90' lang='grc' dir='ltr'><strong><em>άπριάδ</em></strong></span> <span class='ocrx_word' id='word_1_200' title='bbox 760 3607 823 3667; x_wconf 88' lang='grc' dir='ltr'><strong><em>ην.</em></strong></span> <span class='ocrx_word' id='word_1_201' title='bbox 846 3580 958 3662; x_wconf 56' lang='lat' dir='ltr'>Harl„</span> 
     </span>
    </p>

    <p class='ocr_par' dir='ltr' id='par_1_13' title="bbox 208 3676 997 3766">
     <span class='ocr_line' id='line_1_32' title="bbox 208 3676 997 3766; baseline 0.004 -26"><span class='ocrx_word' id='word_1_202' title='bbox 208 3681 281 3744; x_wconf 87' lang='grc'><strong>326.</strong></span> <span class='ocrx_word' id='word_1_203' title='bbox 304 3676 409 3744; x_wconf 83' lang='grc' dir='ltr'><strong><em>ὅσσά</em></strong></span> <span class='ocrx_word' id='word_1_204' title='bbox 432 3682 482 3745; x_wconf 81' lang='lat' dir='ltr'><strong><em>ol·</em></strong></span> <span class='ocrx_word' id='word_1_205' title='bbox 502 3685 605 3746; x_wconf 85' lang='grc' dir='ltr'><strong><em>πᾶσαι</em></strong></span> <span class='ocrx_word' id='word_1_206' title='bbox 629 3678 758 3748; x_wconf 90' lang='grc' dir='ltr'><strong><em>τόσσα</em></strong></span> <span class='ocrx_word' id='word_1_207' title='bbox 780 3679 881 3766; x_wconf 77' lang='grc' dir='ltr'><strong><em>εἶχον.</em></strong></span> <span class='ocrx_word' id='word_1_208' title='bbox 904 3681 997 3744; x_wconf 89' lang='lat' dir='ltr'>Harl.</span> 
     </span>
    </p>

    <p class='ocr_par' dir='ltr' id='par_1_14' title="bbox 62 3778 1261 4173">
     <span class='ocr_line' id='line_1_33' title="bbox 208 3778 1234 3869; baseline 0.002 -27"><span class='ocrx_word' id='word_1_209' title='bbox 208 3781 279 3842; x_wconf 87' lang='grc'><strong>328.</strong></span> <span class='ocrx_word' id='word_1_210' title='bbox 303 3779 520 3866; x_wconf 77' lang='grc' dir='ltr'><strong><em>ἐπακούσῃ</em></strong></span> <span class='ocrx_word' id='word_1_211' title='bbox 537 3778 764 3869; x_wconf 81' lang='grc' dir='ltr'><strong><em>Ἀρίσταρχος,</em></strong></span> <span class='ocrx_word' id='word_1_212' title='bbox 786 3779 1031 3866; x_wconf 72' lang='grc' dir='ltr'><strong><em>’Ἀριστοφάνης</em></strong></span> <span class='ocrx_word' id='word_1_213' title='bbox 1049 3779 1234 3846; x_wconf 79' lang='grc' dir='ltr'><strong><em>ἐπακοῦ-</em></strong></span> 
     </span>
     <span class='ocr_line' id='line_1_34' title="bbox 62 3879 1233 3974; baseline 0.003 -33"><span class='ocrx_word' id='word_1_214' title='bbox 62 3915 63 3918; x_wconf 60' lang='lat'><em>=</em></span> <span class='ocrx_word' id='word_1_215' title='bbox 122 3895 201 3942; x_wconf 92' lang='grc' dir='ltr'><strong><em>σαι.</em></strong></span> <span class='ocrx_word' id='word_1_216' title='bbox 223 3879 316 3944; x_wconf 90' lang='lat' dir='ltr'>Harl.</span> <span class='ocrx_word' id='word_1_217' title='bbox 350 3882 448 3947; x_wconf 92' lang='lat' dir='ltr'>Vind.</span> <span class='ocrx_word' id='word_1_218' title='bbox 475 3887 544 3947; x_wconf 90' lang='grc'><strong>133.</strong></span> <span class='ocrx_word' id='word_1_219' title='bbox 580 3886 663 3952; x_wconf 80' lang='lat' dir='ltr'><strong><em>Cum</em></strong></span> <span class='ocrx_word' id='word_1_220' title='bbox 684 3885 904 3974; x_wconf 82' lang='lat' dir='ltr'>Aristophane</span> <span class='ocrx_word' id='word_1_221' title='bbox 922 3892 1053 3947; x_wconf 74' lang='lat' dir='ltr'>nostrae</span> <span class='ocrx_word' id='word_1_222' title='bbox 1075 3883 1233 3947; x_wconf 86' lang='lat' dir='ltr'>editiones</span> 
     </span>
     <span class='ocr_line' id='line_1_35' title="bbox 123 3979 1233 4070; baseline 0.001 -28"><span class='ocrx_word' id='word_1_223' title='bbox 123 3979 258 4062; x_wconf 85' lang='lat' dir='ltr'>faciunt,</span> <span class='ocrx_word' id='word_1_224' title='bbox 278 3982 343 4045; x_wconf 91' lang='lat' dir='ltr'>nisi</span> <span class='ocrx_word' id='word_1_225' title='bbox 364 3985 452 4070; x_wconf 91' lang='lat' dir='ltr'>quod</span> <span class='ocrx_word' id='word_1_226' title='bbox 470 3979 653 4050; x_wconf 82' lang='grc' dir='ltr'><strong><em>ἐπακούσαι</em></strong></span> <span class='ocrx_word' id='word_1_227' title='bbox 668 3994 756 4050; x_wconf 88' lang='lat' dir='ltr'>reete</span> <span class='ocrx_word' id='word_1_228' title='bbox 773 3987 935 4049; x_wconf 85' lang='lat' dir='ltr'>accinunt.</span> <span class='ocrx_word' id='word_1_229' title='bbox 958 3984 1087 4048; x_wconf 86' lang='lat' dir='ltr'>Nauck.</span> <span class='ocrx_word' id='word_1_230' title='bbox 1102 4006 1134 4067; x_wconf 93' lang='lat' dir='ltr'><strong><em>p.</em></strong></span> <span class='ocrx_word' id='word_1_231' title='bbox 1148 3988 1184 4044; x_wconf 84' lang='lat'><strong><em>41</em></strong></span> <span class='ocrx_word' id='word_1_232' title='bbox 1203 4006 1233 4044; x_wconf 92' lang='lat' dir='ltr'><strong><em>n.</em></strong></span> 
     </span>
     <span class='ocr_line' id='line_1_36' title="bbox 122 4075 1261 4173; baseline 0.001 -29"><span class='ocrx_word' id='word_1_233' title='bbox 122 4085 305 4169; x_wconf 89' lang='lat' dir='ltr'>suspicatur</span> <span class='ocrx_word' id='word_1_234' title='bbox 327 4085 581 4172; x_wconf 84' lang='lat' dir='ltr'>Aristophanem</span> <span class='ocrx_word' id='word_1_235' title='bbox 604 4087 743 4152; x_wconf 82' lang='lat' dir='ltr'>fortasse</span> <span class='ocrx_word' id='word_1_236' title='bbox 762 4082 822 4170; x_wconf 74' lang='grc' dir='ltr'><strong><em>ἠδὲ</em></strong></span> <span class='ocrx_word' id='word_1_237' title='bbox 843 4107 902 4173; x_wconf 92' lang='lat' dir='ltr'><strong><em>pro</em></strong></span> <span class='ocrx_word' id='word_1_238' title='bbox 920 4079 1011 4168; x_wconf 86' lang='grc' dir='ltr'><strong><em>όφρα</em></strong></span> <span class='ocrx_word' id='word_1_239' title='bbox 1033 4083 1232 4147; x_wconf 88' lang='lat' dir='ltr'>exhibuisse.</span> <span class='ocrx_word' id='word_1_240' title='bbox 1260 4075 1261 4078; x_wconf 27' lang='lat'>¹</span> 
     </span>
    </p>
   </div>
   <div class='ocr_carea' id='block_1_6' title="bbox 119 4193 1232 4365">
    <p class='ocr_par' dir='ltr' id='par_1_15' title="bbox 119 4193 1232 4365">
     <span class='ocr_line' id='line_1_37' title="bbox 207 4193 1232 4287; baseline -0.001 -25"><span class='ocrx_word' id='word_1_241' title='bbox 207 4202 279 4264; x_wconf 88' lang='grc'><strong>331..</strong></span> <span class='ocrx_word' id='word_1_242' title='bbox 306 4193 523 4267; x_wconf 85' lang='grc' dir='ltr'><strong><em>άποσπένδ</em></strong></span> <span class='ocrx_word' id='word_1_243' title='bbox 530 4227 602 4267; x_wconf 89' lang='grc' dir='ltr'><strong><em>ων·</em></strong></span> <span class='ocrx_word' id='word_1_244' title='bbox 625 4197 733 4280; x_wconf 79' lang='grc' dir='ltr'><strong><em>οὕτως</em></strong></span> <span class='ocrx_word' id='word_1_245' title='bbox 745 4204 966 4287; x_wconf 81' lang='grc' dir='ltr'><strong><em>Ἀρίσταρχος,</em></strong></span> <span class='ocrx_word' id='word_1_246' title='bbox 987 4203 1024 4264; x_wconf 85' lang='lat' dir='ltr'><strong><em>ol</em></strong></span> <span class='ocrx_word' id='word_1_247' title='bbox 1043 4199 1079 4263; x_wconf 75' lang='grc' dir='ltr'><strong><em>δὲ</em></strong></span> <span class='ocrx_word' id='word_1_248' title='bbox 1099 4201 1232 4274; x_wconf 83' lang='grc' dir='ltr'><strong><em>Αἰολεῖς</em></strong></span> 
     </span>
     <span class='ocr_line' id='line_1_38' title="bbox 119 4297 733 4365; baseline 0.005 -4"><span class='ocrx_word' id='word_1_249' title='bbox 119 4297 401 4363; x_wconf 80' lang='grc' dir='ltr'><strong><em>ἐπισπένδων.</em></strong></span> <span class='ocrx_word' id='word_1_250' title='bbox 422 4300 513 4364; x_wconf 91' lang='lat' dir='ltr'>Harl.</span> <span class='ocrx_word' id='word_1_251' title='bbox 538 4301 638 4365; x_wconf 90' lang='lat' dir='ltr'>Vind.</span> <span class='ocrx_word' id='word_1_252' title='bbox 665 4305 733 4364; x_wconf 87' lang='lat'>133.</span> 
     </span>
    </p>
   </div>
   <div class='ocr_carea' id='block_1_7' title="bbox 0 0 1457 4890">
    <p class='ocr_par' dir='ltr' id='par_1_16' title="bbox 0 0 1457 4890">
     <span class='ocr_line' id='line_1_39' title="bbox 0 0 1457 4890; baseline 0 0"><span class='ocrx_word' id='word_1_253' title='bbox 0 0 1457 4890; x_wconf 95' lang='lat' dir='ltr'><strong><em> </em></strong></span> 
     </span>
    </p>
   </div>
  </div>
 </body>
</html>
