2752 4890
541 382 583 392 ..
627 349 662 408 Σ
700 384 743 396 -.

170 509 242 574 265.
266 506 516 594 μαχήσεται·
538 511 575 575 έν
594 505 683 601 ἀλίφ
705 516 962 598 μαχέσσεται.
986 519 1027 584 A.

102 680 104 684 ¹
168 612 240 673 317.
263 607 320 675 διά
343 614 405 676 τοῦ
424 627 445 676 σ
464 606 589 678 ἅπασαι
611 607 919 700 ἀνδροφόνους.
943 621 984 685 A.

169 711 252 799 [321.
276 707 392 796 ῗχὐι’·
416 709 626 800 Ἀρίσταρχος
644 711 707 800 γάρ
731 715 865 800 ίχνεύει.
888 719 941 807 V.]

161 818 233 880 364.
257 820 340 894 πῶς
353 811 400 900 δή
416 811 554 900 ἔγωγ’·
575 813 664 903 τιαρά
682 818 719 884 δέ
730 816 909 909 Ζηνοδότφ
920 821 1130 908 καταδάριον
1144 831 1190 918 (2)

83 911 261 997 ἐγάνΑ.

170 1021 245 1082 376.
265 1055 308 1068 -
337 1017 375 1082 έν
400 1017 437 1083 δὲ
464 1029 535 1096 ταῖς
564 1023 779 1107 είκαιοτέραις
807 1032 928 1092 θείου
956 1021 1055 1093 κατά
1076 1030 1191 1115 δῶμα

82 1117 256 1184 νέονται
277 1118 420 1206 [νέοιντο
442 1119 496 1208 V.]
520 1125 562 1186 A.

164 1223 223 1286 381
246 1221 271 1284 ?·

166 1325 237 1387 385.
268 1320 359 1409 παρὰ
391 1321 570 1414 Ζηνοδότφ
602 1320 861 1411 ἡμέτερόνδε
891 1329 947 1394 καί
968 1330 1090 1409 Θέτις
1117 1355 1184 1396 τα·

81 1421 289 1502 νύττειτίος
312 1423 483 1505 ἱκάνεις.
507 1429 548 1492 A.

85 1557 88 1560 ·
162 1530 234 1591 400.
258 1524 404 1592 πολλά·
427 1525 617 1611 Ζηνόδοτος
639 1527 694 1593 καὶ
713 1523 955 1614 Ἀριστοφάνης
977 1531 1121 1599 πάντα.
1142 1536 1184 1600 Α.
1262 1550 1266 1558 “

164 1633 237 1693 404.
261 1622 369 1706 οὕτως
390 1621 526 1716 ήδεεν.
551 1627 714 1714 γράφεται
737 1628 774 1695 δὲ
794 1631 850 1696 καί
868 1628 998 1719 ᾔδειν,
1020 1636 1062 1700 A.

159 1735 231 1794 407.
252 1725 334 1813 μετά
353 1735 415 1795 τοῦ
435 1757 448 1796 ι
468 1726 706 1816 τδζωάχρια
726 1725 743 1798 ὁ
763 1727 981 1819 Ἀρίσταρχος.
1025 1739 1067 1802 Α.

127 1859 128 1864 ’
160 1834 222 1895 424
240 1839 277 1896 ut
296 1834 369 1896 385.
414 1877 415 1880 ¹

159 1937 232 2000 466.
256 1927 345 2016 παρὰ
357 1933 537 2022 Ζηνοδότφ
556 1933 611 2000 καὶ
623 1929 856 2023 Ἀριστοφάνει
878 1939 1114 2024 παρέξομαι.
1139 1945 1180 2008 A.

153 2039 225 2099 471.
249 2030 390 2100 διὰτοῦ
412 2051 433 2100 σ
455 2031 704 2122 εὔπρηστον.
745 2036 834 2115 τινὲς
854 2035 891 2104 δέ
912 2035 968 2104 διὰ
989 2045 1052 2105 τοῦ
1069 2065 1090 2106 ιι
1112 2039 1181 2108 εὔ-

74 2158 272 2218 ιιρηκτον.
297 2136 352 2201 καὶ
370 2131 535 2202 ἀκούουσι
557 2132 641 2221 ιιρός
661 2139 782 2221 πρᾶξιν
804 2134 1023 2222 εὐάρμοστον.
1052 2144 1095 2207 A.

154 2243 227 2303 477.
250 2233 340 2321 παρὰ
362 2236 542 2328 Ζηνοδότφ
564 2236 771 2324 κρατερόν
796 2236 852 2304 διά
868 2246 929 2304 τοῦ
948 2265 977 2304 ο.
1002 2244 1043 2307 A.

83 2421 85 2425 Ι
151 2342 224 2404 485.
253 2336 442 2423 Ζηνόδοτος
464 2339 726 2427 ἐστήρικται,
762 2335 972 2426 Ἀρίσταρχος
1003 2343 1181 2431 έστεφά-

72 2444 281 2507 νωκεν.·Α.

146 2546 228 2612 402.
259 2541 549 2629 έκθαίάμιον·
587 2539 776 2628 Ζηνόδοτος
799 2543 840 2622 ές
861 2542 1094 2634 θαλάμους,
1124 2553 1179 2616 καί

71 2646 163 2710 ἔστιν
181 2639 245 2710 οάκ
267 2641 434 2724 ἀπίθανος
456 2642 477 2732 ἡ
499 2642 621 2730 γραφή.
645 2647 687 2710 Α.

154 2751 227 2812 400.
260 2741 579 2834 ἀποφθιμένου·
612 2743 701 2829 τιαρά
732 2745 912 2838 Ζηνοδότφ
942 2745 1178 2836 ἀποκταμέ-

70 2873 146 2915 νου
165 2847 221 2914 καὶ
239 2850 277 2914 έν
296 2861 367 2928 ταῖς
388 2855 571 2935 πλείσταις,
594 2849 649 2915 καὶ
671 2851 763 2915 ἔστιν
786 2844 850 2916 οὐκ
868 2845 1075 2937 ἀπίθανοςή
1094 2877 1178 2937 γρα-
1261 2873 1262 2876 ’

153 3057 225 3119 502.
248 3047 338 3138 παρὰ
349 3050 529 3142 Ζηνοδότφ
546 3049 842 3138 καὶἈριστοφάνει
857 3049 1175 3139 ἀμφοτέρωθεν·

67 3149 87 3240 ή
110 3150 374 3252 Μασσαλιωτμκή
396 3150 704 3241 ἀμφοτέρωθεν
725 3153 939 3221 έτιίτινυον.
961 3159 1003 3222 A.

150 3261 223 3322 506.
264 3256 301 3320 αί
326 3251 544 3342 Ἀριστάρχου
574 3252 831 3342 ἀμοιβηδόν,
858 3251 904 3334 ὡς
925 3254 1173 3342 κλαγγηδόν.

69 3352 151 3423 κατὰ
173 3355 266 3436 τάξιν
280 3359 339 3440 τής
357 3351 495 3440 ἡλικίας.
516 3360 557 3423 A.

152 3461 223 3525 526.
245 3451 488 3544 Ἀριστοφάνης
506 3461 630 3536 δυίκάς
649 3458 895 3544 τερπομένω.
924 3460 966 3523 A.

151 3556 874 3649 528.πάεακαλά·ιταράΖηνοδότφπῶϋ
894 3555 978 3644 μέγ’
1002 3562 1113 3625 οίιάν.
1129 3561 1170 3626 A.

90 3749 92 3752 Ι
150 3667 223 3727 537.
247 3667 499 3729 τεθνειῶτα·
519 3658 729 3748 Ἀρίσταρχος
747 3665 974 3745 τεθνηῶτα.
996 3663 1038 3726 A.

149 3767 222 3830 538.
247 3759 339 3848 εἷμα
354 3758 387 3828 δ’
404 3759 474 3848 ἔχ’·
497 3763 535 3828 έν
549 3767 861 3850 τῇΜασσαλιοιτική
880 3755 975 3848 εἷμά
993 3759 1024 3828 τ’
1042 3766 1114 3849 έχε.
1130 3764 1172 3827 A.

151 3870 223 3931 540.
247 3869 631 3944 κατατεθνειοῖτας·
650 3863 858 3951 Ἀρίσταρχος
879 3861 935 3931 διά
954 3869 1016 3931 τοῦ
1035 3889 1065 3948 η.
1087 3866 1128 3929 Α.

147 3973 219 4033 540.
243 3961 350 4044 οὕτως
367 3962 576 4052 Ἀρίσταρχος
598 3969 788 4054 τέτυκτο,
803 3963 925 4044 Ἰακοίς
954 3968 996 4031 A.

147 4074 219 4136 557.
243 4071 304 4147 ἔξω
333 4071 395 4134 τοῦ
424 4094 436 4132 ι
469 4066 637 4156 ἑστήκει
665 4072 701 4135 αί
723 4066 957 4155 Ἀριστάρχου,
983 4062 1079 4132 ἄλλοι
1113 4066 1172 4130 εί-

59 4168 287 4256 στήκα.Α.
741 4257 744 4263 Ι

146 4276 218 4338 563.
238 4266 519 4360 ἀργυρέῃσιν·
541 4269 731 4359 Ζηνόδοτος
752 4266 1035 4356 ἀργυρέοισιν.
1057 4270 1099 4334 A.
1133 4309 1136 4314 ·
