2812 4868
191 379 256 426 VIII
647 374 857 424 PRAEFATIO.

192 528 283 616 dymi
304 529 539 611 διορθωτικῶν
559 525 738 615 particulas
760 535 833 613 post
860 525 1165 594 commentariorum
1186 525 1308 590 Home-

191 645 332 710 ricorum
353 643 509 732 reliquias
533 646 662 720 demum
684 643 835 725 exhibui,
862 643 982 728 quippe
1003 663 1086 730 quae
1109 651 1198 707 certa
1217 644 1308 707 testi-

192 762 375 826 moniorum
398 762 477 829 11116
516 763 708 828 niterentur.
764 760 960 826 Homericae
999 760 1183 825 recensioni
1217 769 1307 846 pote·

191 900 261 942 ram
284 879 436 966 equidem
448 879 624 964 Hesiodea,
640 879 832 944 Pindaricis
853 877 1113 963 hypomnematis
1136 876 1309 964 Bacchyli-

192 997 269 1080 dea,
290 995 479 1082 Sophocleis
499 997 754 1084 Euripideisque
769 995 1058 1060 exercitationibus
1076 995 1308 1060 commentaria

192 1112 319 1178 Achaei
341 1110 649 1203 lonisque'labulas
671 1112 885 1196 illustrantia,
915 1100 1165 1199 Aristophaneis
1179 1112 1307 1180 »studiis

192 1231 495 1298 animadversiones
523 1232 567 1296 ad
592 1226 746 1317 reliquos¹
760 1233 847 1298 socci
873 1241 987 1318 poetas
1009 1231 1209 1316 conscriptas
1233 1229 1308 1294 sub·

193 1350 343 1433 iungere,
367 1351 425 1414 sed
446 1359 557 1414 tamen
579 1349 716 1414 alteram
737 1352 897 1414 rationem
919 1349 1132 1436 amplioribus
1155 1347 1308 1438 operibus

193 1467 341 1530 excussis
365 1487 384 1529 a
405 1490 437 1552 p.
460 1471 523 1532 299
550 1487 653 1552 usque
674 1466 717 1530 ad
743 1489 775 1552 p.
799 1469 860 1530 310
883 1467 1034 1549 breviter.
1050 1468 1091 1530 de
1113 1476 1308 1531 commenta-

193 1583 253 1646 riis
276 1584 424 1647 arctioris
447 1585 588 1649 ambitus
612 1586 648 1646 in
669 1592 781 1669 poetas
806 1606 886 1669 quos
909 1584 1022 1650 dicunt
1041 1585 1183 1650 minores
1207 1585 1310 1648 disse-

194 1699 290 1764 rendi
315 1699 370 1767 vel
397 1702 472 1768 ideo
499 1677 756 1788 praeoptandam
784 1701 877 1784 duxi,
912 1723 954 1764 ne
989 1722 1071 1788 quae
1101 1701 1141 1766 de
1163 1701 1310 1789 Didymo

195 1819 402 1884 scenicorum
434 1827 604 1905 poetarum
637 1820 814 1905 interprete
849 1818 1110 1906 scholiorumque
1136 1819 1313 1907 principali

196 1934 287 1999 fonte
309 1935 506 2021 disputanda
525 1935 606 2000 mihi
631 1945 740 2000 essent
762 1960 796 2022 p.
817 1937 993 2001 261-299
1016 1940 1101 2001 male
1124 1938 1310 2024 discerpere

195 2072 341 2136 cogerer.
386 2054 441 2117 Ad
458 2053 710 2119 illustrationem
726 2052 984 2138 fragmentorum
999 2054 1087 2140 quod
1106 2056 1222 2119 attinet
1236 2076 1309 2139 par-

197 2192 272 2234 cum
298 2192 350 2234 me
377 2165 568 2259 plerumque
596 2174 807 2256 interpretem
836 2170 939 2237 fuisse
962 2171 1133 2254 confiteor,
1154 2181 1191 2236 ut
1208 2171 1311 2258 expli-

196 2287 294 2352 candi
312 2289 473 2354 rationem
491 2293 603 2373 istam,
626 2311 724 2376 quam
744 2289 911 2354 indoctam
932 2298 963 2353 et
983 2288 1144 2376 puerilem
1165 2290 1314 2376 increpat

197 2402 433 2492 Bernhardyus
467 2410 502 2473 in
529 2407 790 2472 Eratosthenicis
817 2430 849 2492 p.
874 2423 928 2488 v,
957 2407 1065 2492 quoad
1092 2405 1165 2470 fieri
1192 2419 1312 2493 posset,

198 2541 366 2605 caverem5
403 2525 491 2591 haud
527 2526 718 2610 negaverim
746 2533 869 2606 tamen,
912 2523 999 2608 quod
1028 2523 1151 2587 factum
1182 2523 1312 2608 nollem,

198 2660 297 2704 caeca
325 2642 467 2728 quadam
489 2641 621 2706 uberius
653 2639 861 2725 exspatiandi
887 2639 1024 2703 libidine
1046 2637 1240 2726 aliquotiens
1260 2663 1314 2706 me

198 2757 262 2823 huc
290 2759 369 2825 illuc
396 2762 529 2826 devium
555 2759 725 2845 abreptum
752 2756 888 2821 liberius
917 2767 1092 2842 evagatum
1120 2778 1201 2821 esse.
1248 2757 1315 2822 Sed

200 2896 284 2958 quae
306 2877 502 2944 Homericae
528 2877 789 2964 Pindaricaeque
818 2877 1046 2940 recensionum
1068 2883 1242 2962 supersunt
1266 2897 1315 2939 16-

200 2988 322 3075 liquiae
349 3015 403 3057 eas
431 2996 500 3059 fere
525 2995 688 3059 indotatas
717 2993 836 3057 dimisi
888 2994 964 3057 Huc
989 2997 1076 3058 enim
1103 2993 1316 3058 ArIstarchea

201 3110 440 3195 compositurus
464 3111 561 3175 brevi
588 3120 736 3196 tempore
763 3110 837 3173 vela
863 3118 1041 3174 retrorsum
1068 3109 1169 3174 dabo.
1212 3109 1317 3174 Deni-

202 3247 265 3310 que
284 3227 372 3310 quod
394 3227 532 3314 Didymi
555 3226 711 3311 opuscula
732 3225 790 3290 illa
810 3247 830 3288 a
848 3224 1026 3288 Francisco
1041 3224 1169 3291 Rittero
1191 3230 1318 3314 auctori

202 3364 262 3405 sua
280 3346 431 3408 restituta
455 3344 676 3428 Coloniaeque
698 3363 728 3405 a.
753 3343 833 3404 1845
858 3341 946 3405 edita
975 3341 1032 3428 (cf.
1058 3343 1163 3408 Alois.
1188 3343 1318 3431 (lapell-

202 3481 312 3524 mann.
342 3462 377 3524 in
406 3462 528 3528 annall.
558 3459 726 3544 Marburg.
758 3462 838 3524 1846
859 3458 918 3524 Nr.
943 3460 998 3546 58)
1025 3461 1219 3546 dedignatus
1237 3464 1316 3547 sim,

203 3597 269 3641 non
295 3601 413 3645 vereor
440 3580 593 3667 equidem
623 3600 664 3648 ne
692 3578 734 3648 in,
752 3579 1025 3664 vituperationem
1047 3581 1217 3652 „incurram
1243 3603 1319 3667 pru-

204 3695 388 3761 dentiorum
409 3699 594 3780 hominum,
617 3697 672 3783 qui
696 3717 791 3782 spero
807 3695 877 3761 fore
904 3706 940 3760 ut
967 3718 1128 3761 consensu
1151 3718 1209 3762 suo
1233 3718 1319 3764 com·

203 3811 343 3899 probent
376 3823 586 3900 argumenta,
621 3813 751 3899 quibus
773 3814 816 3878 ad
841 3813 1015 3879 refutanda
1048 3814 1166 3877 Ritteri
1194 3818 1320 3880 somnia

205 3932 329 4018 passim
353 3954 430 3996 usus
457 3954 544 4014 sum,
568 3930 611 3996 cf.
637 3955 670 4018 p.
694 3933 746 3995 92.
767 3934 841 3996 272.
873 3934 945 3995 275.
970 3934 1042 3995 327.
1067 3932 1139 3994 333.

244 4065 248 4074 ·
292 4048 446 4112 Ceterum
465 4048 546 4134 quid
564 4071 615 4112 me
637 4049 818 4135 impulerit,
840 4060 877 4114 ut
896 4071 975 4136 prae
996 4049 1112 4112 ceteris
1133 4051 1320 4131 grammati·

205 4167 252 4230 cis
286 4166 347 4230 hac
374 4167 447 4252 ipsa
474 4175 596 4250 aetate,
630 4190 712 4254 quae
740 4167 953 4255 Apollonium
977 4164 1160 4252 Dyscolum
1187 4167 1321 4255 eiusque

206 4281 314 4346 filium
335 4282 557 4351 Herodianum
579 4287 785 4370 potissimum
814 4287 849 4349 in
869 4284 997 4349 deliciis
1019 4282 1139 4368 habere
1161 4282 1322 4362 videatur,
