2894 4890
210 361 271 422 248

376 520 428 588 ἐπὶ
451 531 521 599 τοῖς
541 518 784 606 καταῤῥέονοτν
806 513 872 585 ἀπὸ
894 516 1131 604 κελεύσματος.
1281 591 1284 598 ,

209 619 258 690 ού
265 645 315 690 τω
338 626 406 688 καλ
425 626 624 706 Δίδυμος.
657 621 783 686 Eadem
803 619 902 686 hebet
923 620 1140 707 Harpocratio
1162 623 1195 686 K
1219 623 1323 710 (Mar-

209 727 295 790 eien.
325 729 386 788 444
409 724 638 812 interpolatus)
662 749 694 811 p.
718 726 776 805 37,
800 724 839 784 20
864 721 973 786 Bekk.
1020 721 1073 787 Of.
1097 722 1180 786 Tim.
1205 747 1238 810 p.
1262 728 1324 788 142

209 826 319 892 Fiseh.
343 825 473 909 Polie,
492 829 551 890 194
574 829 604 909 9,
634 828 688 888 121
714 825 765 889 ed.
784 822 894 887 Bekk.
917 822 1025 887 Bekk.
1051 823 1189 888 aneedd.
1207 827 1280 908 327,
1305 830 1324 888 5

208 928 289 994 Hes.
315 919 540 1004 ἄοκωλιάζεις.
585 921 811 1009 ἄμκωλιύζων.
855 925 909 989 De
933 947 987 989 vv.
1019 917 1109 989 οὕτω
1133 923 1188 990 καὶ
1211 929 1324 992 Δίδυ-

209 1050 270 1111 μος
292 1026 379 1091 insra
401 1028 569 1092 disseram.
748 1111 794 1195 5)

296 1229 403 1294 Schol.
433 1227 543 1292 Nubb.
571 1232 629 1293 133
653 1229 800 1292 Marcum
825 1227 994 1292 Musurum
1024 1230 1126 1291 sensit
1147 1227 1324 1314 interpola-

209 1340 322 1396 torem.
370 1328 422 1394 cf.
448 1328 571 1394 Zenob.
598 1330 696 1394 Prov.
724 1328 778 1392 III
808 1330 858 1392 87.

748 1520 778 1580 5.

295 1636 401 1698 Rann.
421 1635 458 1697 13
482 1629 710 1718 Φρύνιχος·
733 1628 897 1715 Δίδυμό
907 1657 923 1708 ς
938 1648 1056 1714 φησιν,
1077 1625 1128 1697 ὅτι
1144 1634 1210 1696 νύν
1226 1637 1325 1715 Φρυ-

209 1739 319 1820 νίχου
334 1735 397 1798 τοῦ
415 1739 567 1818 κωμικοῦ
588 1735 768 1818 μέμνηται,
795 1727 838 1810 ὡς
857 1728 937 1815 παρ’
962 1732 1083 1799 ἕκαστα
1102 1731 1140 1796 ἐν
1161 1745 1231 1810 ταῖς
1253 1758 1325 1798 κω-

184 1825 185 1828 *
208 1838 348 1923 μῳδίαις
369 1835 668 1920 φορτικενομένου.
713 1837 782 1900 ἔστι
806 1835 843 1900 δὲ
866 1832 991 1917 πατρὸς
1010 1830 1224 1920 Εύνομίδου,
1254 1860 1324 1900 κω-

209 1939 366 2025 μῳδεῖται
394 1935 430 2000 δὲ
459 1931 504 2014 ὡς
533 1938 626 2015 ξένος
662 1935 717 2001 καὶ
746 1936 799 2002 ἐττλ
827 1933 1013 2022 φαυλότητι
1042 1935 1238 2020 ποιημάτων
1267 1940 1324 2003 καὶ

208 2032 255 2115 ὡς
277 2032 436 2122 ἀλλότρια
455 2037 562 2121 λέγων
582 2038 637 2103 καλ
658 2033 857 2122 κακόμετρα.
893 2036 955 2101 είολ
984 2037 1021 2101 δὲ
1042 2038 1096 2102 καὶ
1117 2035 1213 2105 ἄλλοι
1234 2052 1324 2123 τρεῖς

209 2135 384 2222 Φρύνιχον.
435 2139 575 2226 Reliqua
602 2139 717 2203 scholii
742 2160 819 2223 pare
851 2139 1038 2224 interpretis
1067 2148 1115 2204 est
1140 2140 1323 2228 Didymum

209 2243 442 2329 impugnantis.
749 2327 768 2388 6

294 2446 345 2507 41.
368 2439 419 2526 μὴ
441 2437 611 2526 μαίνοιό
634 2464 693 2523 με·
724 2435 1003 2524 Δίδυμοςόντὶ
1022 2445 1084 2506 τού
1105 2438 1150 2526 μὴ
1173 2446 1320 2528 μανείης.

209 2538 443 2627 πιθανώτερον
465 2541 501 2606 δὲ
524 2538 589 2605 κτὲ.

749 2629 778 2688 7.

294 2749 344 2810 55.
371 2741 520 2828 μικρός
546 2738 686 2828 ἡλίκος
705 2738 878 2806 Μόλων·
907 2744 1024 2820 παίζει.
1069 2746 1138 2810 ἔστι
1165 2743 1229 2827 γὰρ
1260 2769 1322 2829 με-

208 2840 436 2931 μαλόσωμοςὸ
459 2842 599 2911 Μόλων.
622 2843 813 2925 Δίδυμος
835 2843 873 2906 δέ
894 2860 1009 2928 φησιν,
1033 2838 1085 2909 ότι
1108 2840 1171 2909 δύο
1192 2844 1322 2911 Μόλω-

208 2947 263 3024 νές
287 2950 388 3029 εἰσιν,
418 2940 435 3010 ὁ
464 2940 648 3028 ὑποκριτὴς
671 2941 726 3008 καλ
748 2939 766 3007 ὁ
789 2941 1000 3027 λωποδύτης·
1028 2943 1229 3029 καὶμᾶλλον
1251 2952 1321 3012 λω-

208 3044 360 3129 ποδύτην
378 3047 483 3130 λέγει,
504 3041 542 3124 ὃς
567 3037 608 3130 ἦν
629 3041 767 3128 σμικρός
788 3039 825 3108 τό
845 3047 950 3126 σῶμα.
1000 3049 1179 3129 Τιμαχίδας
1199 3048 1236 3113 δὲ
1259 3045 1321 3113 τόν

207 3142 394 3228 ὑποκριτὴν
423 3145 580 3229 λέγεσθαι
609 3143 771 3210 Μόλωνα.
817 3145 1020 3211 Histrionem
1041 3149 1205 3213 Molonem
1234 3172 1320 3214 com-

207 3254 365 3314 memorat
385 3246 556 3311 Demoeth.
579 3267 613 3310 τι.
633 3268 780 3330 παρατρ.
802 3247 881 3327 418,
904 3250 923 3309 6
944 3246 983 3309 R.

746 3411 988 3495 8 .

294 3551 363 3612 104.
395 3546 596 3633 κόβαλλα·
628 3553 800 3634 κακούμμα
829 3548 884 3612 καὶ
913 3545 1132 3634 ἀνελεύθερα.
1183 3555 1321 3618 Δίδυ-

206 3670 280 3731 μος
307 3649 607 3734 κατεστωμυλμένα
628 3647 832 3734 ἄττατητικό,
862 3650 917 3714 καὶ
937 3647 1170 3735 κακοβούλους
1194 3651 1320 3739 κοβάλ-

206 3754 295 3825 λους.
344 3749 396 3815 Cf.
418 3750 498 3816 Hes.
522 3753 624 3818 sehol.
646 3755 726 3817 Eur.
749 3751 832 3815 Hec.
859 3753 918 3814 129
936 3749 1050 3816 Cobet.
1096 3754 1149 3818 De
1173 3755 1320 3821 Coballis

205 3845 362 3915 habemus
385 3853 551 3937 egregiam
581 3853 832 3941 disputationem
853 3850 1014 3916 Lobeekii
1041 3853 1076 3917 in
1097 3855 1208 3921 misce.
1233 3858 1320 3923 critt.

206 3948 345 4016 Seebod.
371 3951 406 4015 II
429 3955 447 4015 3
468 3973 499 4037 p.
522 3956 714 4018 568-570,

743 4144 773 4204 9.

293 4252 363 4320 186.
386 4249 423 4318 τό
443 4249 480 4316 δὲ
503 4249 632 4338 λήθης
654 4256 810 4339 πεδίον,
834 4255 1317 4344 Δίδυμόςφησι,χωμίονέν
