2752 4890
119 337 179 399 too

118 506 181 568 τοῦ
203 497 294 590 (τὴν)
319 506 423 587 μῆνιν
450 503 617 570 ἐκκλίνειν
646 499 958 591 ἀκρωτηριόοαντες
978 505 1081 592 μόρια
1106 505 1233 574 τούτου

119 609 174 672 καὶ
196 601 444 690 ὁρμαθίσαντες
465 604 689 690 ἐξεκρέμαοαν
709 612 772 673 τοῦ
800 605 968 694 τραχήλου
989 605 1045 676 διὰ
1068 612 1137 674 τῶν
1171 609 1231 694 ρα-

118 711 252 792 ogulnio
281 709 464 788 διείραντες
489 705 545 773 καὶ
574 712 823 793 μασχαλίσματα
857 709 1137 797 προσηγόρευσαν
1164 711 1231 778 ιιτὲ.

117 809 262 896 Hesych.
294 808 329 873 II
360 811 421 872 547
459 809 529 874 lere
560 811 692 895 gemina
716 811 832 896 habet,
864 812 908 876 cf.
935 823 977 876 et.
999 837 1043 878 m.
1069 814 1127 876 118
1135 863 1144 896 ,
1179 818 1231 880 22.

117 913 223 978 Usum
245 909 415 976 hac'voce
440 912 538 976 etiam
568 912 603 975 in
623 909 735 978 Troilo
756 911 949 1004 Sophoclem
973 936 1045 980 essa
1065 917 1160 980 testis
1182 927 1233 982 est

120 1012 239 1079 Suidas
265 1035 297 1078 v.
324 1011 563 1097 ἐμασχαλίσθη.
606 1011 801 1077 Verosimila
821 1003 880 1080 ¹est
900 1014 932 1082 h.
955 1015 976 1079 l.
1005 1017 1104 1080 etiam
1124 1017 1232 1104 Didy-

117 1139 206 1181 mum
225 1114 439 1202 Aristophani
462 1135 521 1180 sua
540 1115 754 1202 surripuisse,
776 1116 1040 1202 quamplurimis
1063 1117 1145 1192 locis
1166 1117 1232 1204 By·

121 1219 223 1282 zantii
242 1218 384 1303 vestigia
407 1239 554 1306 premere
576 1215 840 1281 animadversum
858 1218 1030 1282 verissima
1054 1227 1104 1283 est
1124 1217 1168 1286 ab
1189 1221 1230 1286 A.

117 1318 267 1384 Nauckio
289 1341 322 1405 p.
347 1321 408 1382 224
427 1341 459 1383 n.
483 1321 535 1384 68.

201 1437 368 1503 Electram
397 1440 577 1526 suscipiant
609 1438 867 1503 Trachinlae.
920 1436 1081 1523 Egregie,
1115 1448 1152 1504 ut
1182 1463 1230 1506 εο-

116 1541 178 1624 1ο1,
207 1541 376 1626 Augustus
405 1539 574 1605 Nauckius
602 1541 637 1603 in
662 1537 747 1602 Phil.
771 1539 802 1603 V
824 1562 856 1626 p.
883 1542 944 1604 576
973 1539 1090 1604 vitium
1124 1551 1229 1608 sustu-

117 1643 155 1707 lit
184 1665 201 1706 e
229 1641 347 1706 Trach.
375 1645 437 1706 955
465 1643 543 1706 καῦ
551 1665 628 1726 ρον
655 1635 816 1706 εἰσιδοῦσ’
839 1635 931 1724 ἄφαρ
955 1637 1139 1706 rescribens
1172 1665 1229 1729 pro

117 1748 296 1828 μοῦνον,
329 1745 421 1808 nisus
449 1742 550 1808 schol.
573 1745 633 1808 La.
663 1767 695 1830 p.
728 1747 787 1806 177
816 1746 926 1819 κακοῖς
953 1742 1171 1825 διακείμενον
1200 1753 1230 1806 at

116 1847 211 1912 Phot.
244 1849 379 1930 151,14
407 1848 579 1929 καύρος·
610 1841 727 1929 κακός,
750 1839 858 1922 οὕτως
879 1847 1068 1927 Σοφοκλῆς.
1114 1834 1229 1932 Itaque

118 1951 161 2014 ad
176 1948 345 2036 Sophoclis
360 1948 381 2012 l.
397 1947 418 2012 l.
431 1948 515 2012 redit
530 1949 627 2012 etiam
641 1945 801 2032 Hesychii
814 1947 924 2032 glossa
937 1945 1037 2010 ΙΙ211
1055 1945 1187 2028 καυρό
1198 1971 1228 2024 ς·

118 2046 230 2128 κακός.
263 2051 339 2135 Ιρεε
355 2072 415 2136 ego
427 2058 631 2116 tentaveram
643 2049 819 2136 aliquando
836 2051 918 2131 μαό
927 2069 1011 2132 ρον,
1023 2047 1111 2135 quod
1122 2048 1229 2135 Hesy-

118 2153 191 2218 chio
209 2153 296 2218 idem
321 2160 370 2216 est
389 2161 487 2239 atqua
509 2146 678 2235 ιἰμαυρόν,
703 2144 861 2234 ἀσθενές,
883 2171 970 2214 nunc
991 2171 1070 2214 vero
1086 2149 1230 2214 Nauchii

118 2253 295 2344 amplector
323 2255 542 2320 coniecturam
571 2253 688 2317 leniter
716 2253 916 2316 immutatam
951 2247 1091 2315 καυνόν.
1148 2251 1228 2316 Ηοε.

117 2357 151 2419 ΙΙ
182 2358 241 2418 211
272 2351 441 2433 καυνός·
474 2352 590 2433 κακός·
619 2349 773 2437 σκληρός.
818 2353 884 2418 Sed
903 2353 990 2440 apud
1005 2353 1228 2418 Democritum

118 2457 207 2521 Stob.
228 2457 299 2522 flor.
316 2458 388 2521 140
411 2480 469 2544 pro
493 2450 515 2522 εἳ
534 2454 699 2538 πάσχουσι
715 2451 844 2538 κάρτα
865 2455 976 2519 malim
1002 2449 1109 2536 κατρό
1130 2477 1227 2542 quam

117 2561 227 2639 καῠρα
256 2579 428 2646 reponere,
461 2559 526 2621 nisi
556 2558 642 2622 falsa
672 2557 808 2622 tradidit
829 2557 974 2644 Hesych.
998 2557 1032 2620 ΙΙ
1065 2560 1126 2622 208
1156 2583 1228 2624 κα-

110 2659 231 2742 undg-
255 2658 367 2737 κακός.
726 2739 740 2750 ..
993 2705 995 2709 -
1039 2705 1068 2720 -

200 2779 241 2846 V.
256 2786 283 2852 7
307 2781 542 2860 Πλευρῶνι·
568 2773 665 2855 πόλις
687 2779 866 2855 Αἰτωλίας,
891 2775 1032 2843 ο1.Ηοε.

201 2899 242 2964 V.
267 2902 307 2963 52
330 2902 537 2983 φρενοῦν·
562 2905 752 2982 νουθετεῖν,
774 2895 817 2962 cf.
837 2897 917 2962 Hes.

200 3018 241 3084 V.
266 3023 302 3084 61
334 3013 593 3104 ἀγεννήτων·
622 3020 798 3101 ὃυσγενιόν
822 3019 868 3105 (p.
897 3021 988 3102 129),
1015 3018 1058 3082 ol.
1081 2997 1227 3106 Hesych.

116 3121 131 3184 I
164 3126 215 3188 43.
271 3121 410 3186 Fontem
443 3119 572 3206 glossae
606 3119 835 3206 Hesychianae
868 3119 1002 3184 adducit
1028 3120 1071 3183 H.
1094 3119 1229 3210 Stepha-

116 3248 196 3310 nus,
219 3224 246 3290 I.
270 3222 450 3288 Albertius.
845 3257 848 3264 ·

199 3344 240 3408 V.
275 3344 333 3406 173
361 3341 591 3424 ναμέρτεια
629 3323 730 3406 εο1ιο1.
760 3341 820 3406 La.
851 3364 883 3430 p.
922 3343 979 3404 137
1009 3341 1043 3404 in
1071 3350 1230 3408 contextu

114 3445 257 3532 explicat
278 3437 438 3526 ἀλήθεια,
459 3449 496 3505 ut
517 3442 597 3506 Hes.
621 3440 656 3504 ΙΙ
674 3444 747 3506 652.

199 3562 241 3627 V.
274 3563 332 3628 188
358 3583 391 3646 p.
429 3561 486 3623 137
520 3558 564 3624 ἐν
603 3565 808 3645 docuerat
846 3561 1029 3643 λειμῶνι.
1075 3559 1229 3646 Explica-

115 3668 241 3730 tionum
262 3665 312 3728 VI
317 3711 333 3746 „
346 3684 426 3750 quas
453 3661 576 3727 scholia
599 3669 787 3744 servarunt,
806 3659 897 3724 nulla
917 3660 1005 3746 apud
1025 3659 1229 3746 Hesychium

116 3766 132 3829 Ι
175 3768 236 3830 718
263 3766 438 3851 reperitur,
479 3764 536 3829 sed
569 3761 707 3849 septima
746 3771 856 3827 exswt
887 3761 968 3826 haec
1006 3761 1228 3847 βονθέρει·

116 3866 154 3931 ἐν
174 3855 202 3954 ᾧ
222 3863 300 3952 βόες
322 3865 449 3947 θέρους
469 3860 540 3952 ὥρᾳ
562 3865 728 3950 νέμονται.
763 3863 818 3930 καὶ
842 3863 1051 3949 βουθόροι
1073 3859 1110 3930 τό
1131 3859 1227 3930 αὐτό.

116 3967 170 4032 Et.
191 3991 233 4031 m.
255 3969 326 4050 207,
346 3969 386 4032 20
410 3967 660 4054 (Diogenian.?)
685 3965 723 4030 ἐν
745 3953 901 4056 ᾧτόπου
925 3962 1002 4050 βόες
1025 3967 1152 4049 θέρους
1172 3965 1228 4030 νέ-

116 4092 245 4151 μονται.
290 4069 382 4134 Haec
403 4068 549 4157 profecto
572 4069 698 4154 antiqui
719 4077 795 4132 sunt
811 4068 1025 4152 grammatici,
1048 4069 1104 4157 qui
1123 4071 1229 4133 varie·

114 4180 214 4236 tatem
247 4171 395 4236 lectionis
429 4169 471 4233 ad
503 4170 535 4235 h.
569 4170 591 4234 l.
625 4169 816 4252 adnotavit3
849 4169 1013 4254 βουθέροι
1040 4169 1126 4234 enim
1158 4170 1228 4234 sive

115 4276 345 4342 BoroaPOI
372 4273 528 4362 scriptum
560 4294 619 4363 pro
653 4275 887 4340 ΒΟῬΘΕΡΩι.
931 4272 1088 4340 Nostrum
1118 4271 1228 4340 locum
