2812 4868
189 331 230 392 26

188 519 314 562 merum
333 497 498 560 recensuit
519 495 620 560 schol.
635 496 733 561 Hom.
750 497 789 562 Il.
810 500 840 561 Τ
862 497 923 562 218
942 519 975 583 p.
992 500 1071 579 5233
1092 504 1126 562 et
1139 499 1302 584 siquidem

189 596 343 663 Proclum
358 597 392 661 in
404 597 487 662 Tim.
500 621 531 683 p.
546 601 684 664 1716616
697 599 908 685 interpretor,
927 599 983 664 ubi
995 599 1161 684 Bergkius
1173 600 1299 668 Aristo·

189 700 248 765 olis
275 721 394 764 nomen
419 700 656 764 restituendum
678 722 751 766 esse
771 700 871 784 vidit,
898 701 940 765 iis
962 702 1061 766 stiam
1084 699 1309 786 scriptoribus,
1381 717 1384 720 “

187 801 355 866 accenseri
377 799 482 879 debet,
504 802 559 888 qui
579 801 620 866 de
640 801 755 866 diebus
773 801 866 866 festis
882 801 958 868 data
973 823 1073 889 opera
1086 803 1299 889 inquirerent.

87 947 95 960 ·
187 905 362 968 Praeterea
389 901 562 968 Aristoclis
591 925 710 968 nomen
734 904 858 989 passim
886 905 1041 986 occurrit,
1068 903 1115 968 146
1135 911 1248 971 tamen,
1266 912 1302 970 ut

187 1005 351 1072 Rhodium
376 1005 469 1068 innui
502 1027 561 1091 pro
590 1013 678 1070 certo
707 1004 871 1069 affirmare
898 1007 958 1070 vix
984 1005 1084 1071 ausis.
1136 1005 1300 1072 Menrsius

189 1107 320 1194 quidem
339 1108 375 1172 in
398 1108 484 1171 notis
503 1107 546 1172 ad
566 1107 713 1172 Aristox.
736 1129 768 1192 p.
783 1111 842 1170 145
856 1129 905 1195 sq.
928 1107 1085 1199 historiae
1107 1109 1308 1194 scriptorem.

189 1208 240 1297 (ἐν
262 1203 503 1295 piscariensis),
522 1231 619 1296 quem
639 1208 791 1275 Clemens
813 1208 911 1274 Alex.
935 1210 984 1275 VI
1005 1233 1037 1296 p.
1063 1212 1125 1274 267
1157 1218 1190 1274 64
1211 1209 1299 1276 Ρ164.

187 1334 220 1397 p.
232 1332 275 1374 m.
288 1331 316 1374 c.
334 1312 383 1393 25,
396 1314 433 1374 41
459 1311 494 1374 in
510 1311 735 1376 testimonium
753 1320 922 1393 vocarunt,
945 1333 966 1376 a
980 1312 1109 1377 Rhodio
1130 1312 1299 1377 diversum

187 1434 254 1477 non
276 1434 347 1478 esse
369 1420 471 1498 putat.
515 1412 568 1478 De
595 1413 636 1477 A.
660 1412 954 1500 paradoxographc
976 1415 1036 1480 cfr.
1058 1416 1100 1479 A.
1122 1413 1298 1479 Wasterm.

187 1513 292 1600 praef.
311 1537 344 1599 p.
357 1513 476 1580 XXIV
487 1521 519 1578 et
537 1518 605 1578 161.
640 1513 785 1580 Huiusce
812 1516 962 1580 notitiam
984 1515 1140 1580 debemus
1158 1515 1246 1580 Plut.
1264 1539 1297 1602 p.

188 1638 231 1678 m.
256 1617 296 1678 29
320 1615 355 1678 ΙΙ
373 1637 404 1700 p.
425 1615 527 1679 312E
550 1614 641 1680 Stob.
657 1615 753 1680 floril.
775 1616 890 1681 LXIV
904 1620 945 1680 37
969 1616 1021 1704 (ἐν
1041 1639 1062 1679 οι
1083 1613 1297 1704 παραδόξων)

188 1717 317 1782 Α611611.
346 1716 378 1780 h.
407 1738 437 1780 a.
463 1717 554 1782 ΧΙ4
584 1715 685 1782 schol.
713 1717 810 1782 Pind.
836 1717 889 1782 01.
915 1718 1041 1784 vnce
1065 1718 1182 1805 Apost.
1205 1741 1299 1806 prov.

191 1823 239 1900 14,
251 1823 291 1882 76
313 1819 431 1883 Arsen.
453 1817 532 1882 vicl.
555 1817 709 1884 3856611.
730 1819 827 1884 Voss.
850 1819 925 1884 hist.
945 1842 995 1904 gr.
1019 1821 1122 1906 praef.
1139 1821 1174 1884 X
1189 1829 1221 1886 et
1236 1824 1298 1885 402

5 2003 7 2012 ¹
90 1943 92 1950 ’
189 1921 240 1984 ed.
269 1919 374 1984 West.
385 1921 410 1999 ¹)
458 1919 633 1984 Librorum
662 1942 721 2006 par
747 1920 788 1985 dc
815 1944 884 2007 rep.
913 1920 1056 1986 Laeedd.
1084 1923 1299 2008 compositum

189 2021 279 2106 (Ath.
292 2021 341 2085 IV
355 2025 413 2085 140
421 2021 463 2105 Β)
487 2022 637 2108 equidem
659 2031 696 2087 ut
716 2020 758 2087 ab
770 2022 812 2087 A.
824 2022 945 2088 Rhodii
969 2023 1151 2088 studiorum
1171 2025 1298 2089 ratione

188 2123 422 2189 alienissimum
448 2123 604 2206 arbitror,
635 2125 681 2188 ita
707 2123 864 2190 Aristooli
894 2125 1058 2190 Messenio
1086 2126 1299 2212 peripatetico

187 2227 354 2312 aptissime
375 2227 455 2291 mihi
476 2229 652 2292 convenire
673 2227 835 2309 videntur,
858 2227 923 2292 nisi
943 2227 1027 2291 forte
1044 2249 1163 2292 nomen
1186 2228 1302 2314 depra-

188 2336 301 2394 vatum
326 2336 391 2411 est,
419 2338 452 2394 et
472 2329 661 2394 Athenaeus
688 2330 750 2394 1166
776 2351 904 2417 quoque
925 2329 997 2394 loco
1020 2329 1063 2392 ad
1084 2330 1300 2395 Aristocratis

187 2430 353 2495 Laconica
374 2425 534 2518 respexit,
555 2440 591 2496 ut
613 2431 667 2495 III
686 2454 717 2517 p.
741 2434 793 2496 82.
816 2432 858 2498 cf.
882 2432 1057 2496 Wasterm.
1081 2431 1124 2496 ad
1145 2432 1244 2498 Voss.
1267 2455 1300 2518 p.

188 2536 261 2598 403.
305 2532 355 2597 Ae
368 2533 578 2619 peripatetici
600 2533 732 2620 quidem
753 2532 938 2619 philosophi
970 2555 1044 2598 eum
1072 2555 1197 2598 summo
1224 2557 1298 2600 cum

189 2633 295 2699 studio
318 2635 358 2700 de
380 2634 478 2699 rebus
499 2635 633 2700 musicis
657 2636 866 2700 commentati
882 2636 955 2718 sint,
969 2637 1081 2720 ¹possit
1104 2635 1223 2722 aliquis
1237 2636 1299 2702 hoc

187 2745 378 2821 argumento
408 2737 510 2802 fretus
533 2759 576 2800 ex
597 2737 637 2800 iis
657 2737 755 2800 etiam
777 2735 929 2822 operibus
952 2736 1190 2824 opusculisque,
1214 2757 1309 2824 quae*

189 2861 287 2924 supra
307 2840 342 2903 in
364 2838 486 2902 Rhodii
508 2837 640 2902 officina
661 2860 784 2903 excusa
804 2860 876 2903 esse
896 2839 1051 2926 suspicati
1074 2861 1195 2922 sumus,
1217 2863 1298 2906 non-

187 2941 280 3006 nulla
300 2941 343 3008 ed
358 2940 558 3005 Messenium
578 2941 827 3027 peripateticum
834 2940 870 3026 ²),
893 2941 1037 3006 incertae
1059 2943 1174 3006 aetatis
1197 2942 1300 3008 bomi-

261 3148 285 3214 1)
305 3150 387 3200 Hunc
405 3149 523 3198 fortasse
545 3150 688 3214 usurpavit
709 3148 789 3200 Pbot.
809 3149 927 3212 61614
950 3147 1056 3200 Μίνθοι
1075 3177 1107 3186 -
1122 3139 1299 3216 Ἀριστοκλῆς

189 3229 221 3286 dl
245 3225 274 3286 ἐν
298 3233 338 3302 τῷ
361 3231 427 3300 περὶ
451 3229 590 3300 γιγάντων
616 3232 833 3300 διαπλασθῆνοιι
855 3230 906 3285 τὸν
930 3226 972 3286 ἐπ’
990 3225 1065 3303 αὐτῇ
1080 3234 1178 3301 μῦθον
1199 3229 1299 3288 11ιάιὸ

190 3320 338 3389 καρπῶδες
357 3318 559 3388 (lamprides)
587 3313 706 3388 εὑρεθὲν
726 3320 784 3390 [cp]
804 3321 1064 3389 κατόιφρονηθῆναι
1081 3315 1113 3373 τὸ
1127 3316 1227 3388 φυτόν.
1257 3327 1300 3378 De

190 3410 348 3476 gigantibus
360 3412 432 3459 46646
439 3408 527 3458 Oram.
536 3408 592 3460 ΑΡ.
600 3408 694 3473 11380‚
704 3409 745 3472 10,
753 3410 776 3459 si
787 3410 896 3460 credere
907 3411 1018 3476 dignum
1029 3415 1079 3474 est,
1093 3412 1174 3462 etiam
1181 3411 1297 3462 Seraeus

188 3499 287 3549 librum
305 3495 469 3561 singularem
487 3497 648 3560 composuit.
677 3495 819 3547 Cramerus
838 3497 856 3548 1.
871 3514 894 3548 c.
912 3491 1029 3562 Σέργιος
1046 3499 1155 3563 scripsit
1172 3516 1221 3565 pro
1236 3501 1297 3552 cod.

190 3583 312 3649 Σεραῖος
332 3582 394 3634 6611.
420 3583 546 3649 Symeon.
568 3583 685 3647 Logoth.
705 3583 804 3636 0111611.
828 3600 885 3649 reg.
908 3585 984 3635 1712.
1020 3585 1056 3634 At
1074 3585 1197 3650 Sergium
1216 3587 1298 3638 Athe-

188 3674 322 3735 niensem,
348 3686 403 3740 quo
427 3671 460 3720 de
484 3671 521 3722 ef.
545 3674 582 3720 64.
605 3688 641 3722 m.
660 3673 711 3722 222
735 3671 869 3722 Choerob.
888 3671 976 3722 Bekk.
996 3670 1160 3721 1288Ρ1164.
1178 3659 1307 3738 Myricb.

189 3759 272 3823 2831),
286 3757 320 3810 28
329 3758 428 3822 Bekk.,
447 3758 480 3808 de
498 3758 655 3823 gigantibus
674 3758 825 3824 scripsisse,
841 3758 901 3823 quis
918 3761 960 3808 est
976 3758 1023 3823 qui
1035 3757 1147 3810 eredat?
1166 3760 1298 3812 Fortasse

190 3845 390 3897 commendabit
413 3860 474 3896 sese
494 3846 646 3918 emendatio
671 3844 792 3908 Σερῖνος
816 3845 843 3896 h.
863 3861 887 3896 6.
911 3841 1049 3909 Σερῇνος.
1086 3846 1166 3912 Apud
1184 3848 1225 3898 Io.
1243 3849 1304 3900 An«

188 3933 271 3984 tioch.
290 3936 316 3995 2,
336 3933 368 3985 13
385 3932 478 3984 Mucll.
497 3949 525 3998 p.
544 3935 592 3984 541
613 3933 712 3998 legitur
731 3926 850 3998 Σέρβιος
869 3948 883 3982 6
902 3932 1067 3982 coniectura.

258 4019 285 4085 2)
302 4021 391 4070 Huius
410 4020 584 4088 fragmentis,
604 4036 673 4085 quae
692 4020 766 4070 16116.
786 4035 839 4069 scr.
857 4017 884 4069 h.
905 4018 972 4083 phil.
990 4019 1029 4069 IV
1046 4035 1073 4069 n.
1092 4019 1109 4069 8
1129 4034 1157 4082 p.
1175 4017 1227 4068 250
1252 4023 1294 4073 ed.

186 4108 272 4158 Dorn.
292 4112 320 4158 et
331 4105 475 4166 Wasterm.
495 4108 530 4158 ad
542 4109 622 4159 Voss.
635 4108 680 4157 111
690 4123 716 4171 p.
730 4107 781 4156 462
800 4104 974 4169 collegerunt,
994 4104 1064 4154 adde
1081 4104 1134 4154 duo
1147 4119 1180 4152 ex
1194 4105 1299 4154 Ioanne

189 4193 267 4244 Alex.
293 4209 407 4260 gramm.
433 4209 477 4259 ap.
501 4195 534 4247 A.
554 4195 620 4245 Mai.
646 4195 675 4243 in
698 4192 766 4257 spic.
791 4191 869 4241 Rom.
893 4190 948 4242 vol.
966 4191 995 4241 11
1012 4205 1039 4255 p.
1059 4191 1110 4242 392
1129 4189 1191 4240 6611.
1209 4189 1298 4255 praef.

187 4295 215 4344 r·
232 4281 292 4331 XX·
783 4285 787 4298 ‘
