2858 4882
1111 361 1117 369 “
1161 382 1222 444 395

114 552 233 630 σοφῶν
262 542 311 612 ῶν
341 558 420 613 ets.
444 573 477 614 v.
500 545 638 614 Σόλωνι
667 550 735 612 ἔστι
759 544 795 612 δέ
814 547 880 612 καί
904 536 1027 623 οὗτος
1051 538 1097 622 εἷς
1118 550 1225 626 τῶνζ

113 645 370 733 ὀνομαζομένων
392 654 526 735 σοφῶν,
549 673 655 737 neque
678 649 827 734 intellegi
846 658 992 735 possunt,
1016 650 1080 712 nisi
1103 673 1145 714 ex
1159 673 1224 714 am-

113 753 218 839 pliore
241 753 382 839 quodam
404 776 502 840 opere
521 755 693 838 desumpta
713 760 820 840 putas.
864 751 975 815 Affine
998 760 1064 835 est,
1088 753 1175 839 quod
1197 775 1222 817 s.

114 861 146 918 v'.
173 847 318 937 Ἀλκμάν
345 854 464 939 legitur
493 847 562 919 ἔστι
590 853 626 918 δέ
650 853 717 917 καί
744 851 857 933 ἕτερος
876 846 1036 936 Ἀλκμάν,
1064 845 1122 930 εἷς
1145 856 1224 917 τῶν

116 958 316 1038 λυρικῶν,
346 947 387 1019 δυ
409 950 553 1039 ἤνεγκεν
574 950 595 1038 ἡ
619 950 794 1037 Μεσσήνη.
839 956 932 1020 Haec
950 955 1097 1040 profecto
1121 955 1224 1040 suspi-

117 1059 244 1124 cionem
265 1064 397 1121 movent
424 1056 692 1142 lexicographum
721 1057 887 1122 volumine
910 1057 1050 1144 quodam
1072 1057 1147 1138 περὶ
1169 1062 1225 1120 λυ-

45 1181 46 1184 ’
117 1153 223 1240 ρικῶνΙ
249 1161 398 1238 ποιητῶν
432 1160 549 1222 emisso
578 1181 673 1222 usum
698 1181 780 1222 esse.
832 1158 947 1245 Neque
985 1160 1090 1222 omitti
1118 1157 1225 1241 debet,

117 1259 204 1346 quod
224 1258 304 1324 locis
327 1257 492 1323 nonnullis
520 1268 632 1324 auctor
653 1261 793 1324 vitarum
817 1260 1124 1347 Pythagoricos
1148 1261 1226 1322 sori-

115 1370 224 1448 ptores
244 1362 400 1446 sequitur,
422 1368 458 1424 ut
477 1383 502 1424 s.
520 1386 552 1425 v.
568 1356 712 1445 Ἀλκμάν
728 1361 909 1449 Archytam
923 1385 974 1447 ap.
993 1360 1225 1425 Chamaeleon-

114 1471 181 1526 tem
191 1460 353 1526 Athenaei
365 1461 454 1525 XIII
476 1487 508 1550 p.
522 1468 584 1528 600
597 1466 635 1547 F,
659 1488 684 1528 s.
708 1488 739 1528 v.
763 1467 898 1540 Λᾶσος
919 1463 1153 1527 Aristoxenum
1172 1485 1223 1550 ap.

115 1562 214 1648 Diog.
248 1562 287 1627 L.
311 1563 328 1626 I
356 1587 388 1649 p.
412 1566 452 1627 27
480 1565 610 1628 Huebn.
642 1565 780 1652 (Bergk.
813 1587 889 1629 exx.
930 1565 1014 1628 oritt.
1045 1564 1094 1628 VI
1127 1589 1159 1651 p.
1188 1582 1226 1627 vr

116 1666 255 1752 Roeper.
279 1665 439 1728 Zeitschr.
465 1666 488 1730 f.
512 1665 599 1732 AW.
629 1670 709 1732 1852
732 1692 763 1754 p.
780 1665 857 1752 454)
881 1675 914 1731 et
933 1665 1227 1731 Aristarcheumse

17 1827 20 1833 .
116 1765 224 1851 prodit
261 1765 424 1831 Cratetem
460 1770 626 1853 castigans
670 1792 695 1833 s.
726 1792 758 1833 v.
785 1763 947 1850 Ἀλκμάν·
983 1761 1070 1831 ’κατὰ
1099 1766 1136 1830 δέ
1166 1763 1226 1831 τὸν

118 1861 274 1948 Κράτητα
297 1873 500 1932 πταίοντα
532 1869 633 1956 (quod
655 1870 850 1934 vocabulum
872 1892 937 1933 non
959 1878 1029 1934 erat
1050 1892 1108 1934 eur
1127 1891 1226 1934 vexa-

111 1976 166 2030 ·ret
178 1969 382 2054 interpretes
406 1971 449 2034 ef.
470 1971 571 2036 schol.
584 1973 626 2036 V.
651 1971 747 2037 Hom.
760 1971 800 2036 Il.
817 1977 846 2035 Y
857 1973 918 2034 307
939 1970 1045 2035 schol.
1059 1969 1227 2058 Aristoph.

117 2069 221 2133 Rann.
246 2072 353 2155 1469).

640 2157 701 2242 (6.)
735 2171 737 2174 ’

200 2271 364 2336 Addimus
384 2273 415 2336 h.
440 2274 478 2356 l.‚
500 2296 542 2337 ne
565 2275 644 2360 quid
668 2275 817 2339 omisisse
838 2275 1018 2356 videamur,
1040 2273 1227 2358 grammati-

117 2396 189 2436 cum
213 2374 288 2457 περὶ
310 2379 460 2457 λυρικῶν
480 2399 532 2462 ap.
552 2377 743 2441 Boissonad.
768 2375 904 2440 anecdd.
927 2376 985 2440 Gr.
1009 2377 1058 2440 lV
1076 2399 1108 2461 p.
1122 2378 1184 2438 458
1208 2397 1226 2438 e

117 2474 188 2539 cod.
219 2478 318 2557 2551,
357 2499 452 2562 quem
481 2478 586 2542 editor
611 2478 756 2565 Didymo
782 2500 877 2541 usum
913 2500 984 2542 esse
1023 2479 1224 2563 suspicatur:

117 2575 250 2659 λυρικοί
283 2577 322 2640 δέ
354 2580 439 2641 εἰσιν
472 2569 584 2642 οὗτοι·
615 2573 775 2663 Ἀλκμάν,
809 2581 1031 2663 Στησίχορος,
1066 2572 1225 2662 Ἀλκαῖος,

107 2670 256 2762 Ἴβυκος,
290 2675 495 2762 Ἀνακρέων,
536 2682 743 2765 Σιμωνίδης,
781 2682 967 2763 Πίνδαρος,
1006 2681 1224 2762 Βακχυλίδης.

119 2772 207 2842 οὕτω
235 2778 271 2842 δέ
294 2778 623 2866 προσηγορεύθησαν
645 2779 700 2846 διὰ
722 2778 759 2846 τό
782 2780 865 2865 πρὸς
891 2780 1000 2866 λύραν
1021 2775 1163 2867 ᾅδεσθαι
1185 2776 1225 2845 τοὶ

118 2876 283 2962 ποιήματα
305 2875 427 2945 αὐτῶν,
473 2878 525 2947 διδ
554 2885 607 2947 δεῖ
630 2887 734 2948 ταῦτα
756 2878 837 2967 παρ’
867 2877 980 2960 αὐτοῖς
1012 2882 1098 2970 (sic).
1144 2882 1225 2965 μέλη

118 2979 153 3044 δὲ
182 2976 221 3044 τὰ
244 2981 281 3044 έν
304 2976 418 3058 αὐτοῖς
446 2977 520 3066 ἤτοι
541 2981 597 3049 διὰ
620 2981 657 3049 τό
681 2980 746 3049 ἀπὸ
769 2988 905 3049 τελείων
927 2980 1144 3066 ἀφαιρεῖσθαι
1167 2984 1227 3066 μέ-

117 3104 222 3167 τρων,
247 3077 384 3165 καὶγὰρ
406 3077 560 3166 ημεῖςτά
585 3080 650 3150 ἀπὸ
672 3090 809 3150 τελείων
832 3080 1067 3170 ἀφαιρούμενα
1095 3087 1226 3170 μέτρων

117 3182 199 3266 μέλη
228 3189 414 3268 καλοῦμεν,
443 3177 464 3268 ἢ
492 3180 557 3248 ἀπὸ
580 3188 695 3262 Μέλας
720 3189 840 3274 (Boios
864 3211 946 3252 corr.
971 3191 1114 3272 Μελίας,
1134 3181 1226 3253 cuius

116 3287 263 3350 meminit
292 3286 445 3374 Apollod.
474 3287 561 3351 Bibl.
590 3287 739 3374 llinit.)
769 3292 831 3353 τοῦ
852 3284 1014 3354 Ὠκεανοῦ
1044 3287 1227 3373 θυγατρός,

117 3382 207 3450 καθὰ
234 3393 404 3464 Λυσανίας
433 3382 554 3471 φησίν,
588 3381 609 3472 ἢ
635 3385 714 3472 παρ’
744 3385 826 3454 ὅσον
859 3390 965 3474 μέλιτι
992 3396 1227 3474 παραπλησίαν

117 3485 263 3572 έχείτὴν
282 3483 420 3572 ἡδονήν.
472 3489 612 3553 δύναται
641 3489 677 3554 δέ
708 3488 763 3554 καὶ
785 3485 841 3555 διὰ
863 3488 900 3555 τὸ
924 3495 1056 3575 κροῦμα
1076 3488 1145 3580 nido}
1171 3489 1227 3556 καὶ

8 3617 9 3620 “
116 3585 427 3673 μέλοςὸμωνύμως
457 3591 624 3673 λέγεσθαι.
670 3592 724 3655 καὶ
752 3595 844 3656 κῶλα
872 3593 908 3656 δὲ
933 3587 1074 3676 ὁμοίως,
1111 3588 1225 3676 ἐπειδὴ

117 3685 161 3773 μὴ
185 3689 312 3755 τέλειόν
338 3690 406 3754 ἐστι
429 3691 561 3775 μέτρον.
606 3695 675 3756 τῶν
703 3693 738 3757 δέ
762 3687 860 3779 ᾠδῶν
883 3694 919 3757 αἱ
937 3692 998 3780 μέν
1028 3695 1090 3757 είσι
1120 3691 1225 3776 μονό-

117 3809 274 3877 στροφοι,
297 3794 332 3857 αί
351 3790 387 3858 δὲ
406 3795 583 3884 τριαδικαί.
627 3792 682 3858 καὶ
705 3791 932 3878 μουόστροφοι
956 3794 1017 3879 μὲν
1039 3795 1075 3858 αί
1086 3800 1229 3876 Σαπφοῖ

117 3894 171 3957 καί
192 3888 330 3981 Ἀλκαίφ
352 3892 408 3958 καὶ
425 3889 637 3977 Ἀνακρέοντι
663 3891 718 3960 διὰ
742 3899 844 3980 τριῶν
867 3888 888 3979 γ’γ’
911 3895 1083 3978 τεσσάρων
1105 3892 1225 3960 κῶλων

117 3989 307 4080 ὡρισμένην
338 3997 472 4079 ἔχουσαι
504 3993 565 4080 τὴν
590 3997 793 4063 κατάστασιν
831 3997 885 4061 καί
914 3993 981 4062 ὑπὸ
1015 4001 1226 4080 περιγραφῆς

117 4094 361 4180 διειργόμεναι,
393 4098 559 4179 τριαδικαί
587 4097 623 4163 δὲ
659 4101 695 4164 αί
718 4103 925 4163 συνεστῶσαι
955 4102 991 4164 ἔκ
1014 4121 1049 4162 τε
1076 4101 1226 4181 στροφῆς

116 4195 171 4259 καὶ
192 4192 422 4281 ἀντιστρόφου
452 4199 506 4264 καὶ
535 4199 678 4286 ε’πφδοῦ.
724 4201 879 4282 κέκληται
901 4197 937 4262 δὲ
963 4194 1064 4282 ἡμὲν
1083 4197 1224 4283 στροφη,

117 4298 207 4363 καθά
229 4316 312 4383 φησι
333 4307 539 4385 Πτολεμαῖος
567 4300 604 4364 έν
624 4306 673 4388 τῷ
689 4300 764 4384 περὶ
786 4304 940 4383 στατικῆς
961 4297 1143 4383 ποιήσεως,
1170 4297 1226 4365 διὰ
