2866 4882
223 362 285 427 362

224 551 298 594 cum
311 529 430 594 Graeci
446 531 620 616 scriptores
637 538 706 595 tum
717 530 828 594 Latini
843 530 888 593 ita
905 540 1055 615 narrant,
1069 540 1107 596 ut
1117 537 1230 600 cuncti
1244 559 1345 602 unum

223 632 347 696 fontem
375 630 525 714 attigisse
549 630 651 694 labris
678 632 867 714 videantur,
898 653 1044 718 quasque
1066 634 1236 721 Georgius
1261 638 1344 724 Syn-

223 731 325 797 cellus
347 731 565 796 miscellaneis
583 733 650 795 suis
674 733 757 819 (τοῑς
771 730 960 819 artoptam)
980 735 1127 819 inseruit,
1150 759 1168 800 e
1192 737 1341 825 Didymo

221 834 369 898 fluxisse.
420 833 530 898 Etiam
558 834 763 918 Augustinus
792 833 833 898 de
858 835 919 898 civ.
946 835 1011 898 Dei
1041 836 1062 900 l.
1089 837 1211 902 XVIII
1247 863 1277 904 c.
1304 844 1339 904 13

222 934 387 1000 connectit
409 932 539 998 fabulas
569 933 610 998 de
639 935 794 1019 Gorgone
826 935 867 1000 de
895 936 1024 1001 Antaeo
1057 938 1099 1002 de
1132 937 1339 1028 Ganymedis

222 1046 317 1123 raptu
345 1037 386 1101 de
414 1035 568 1122 Apolline
594 1037 702 1100 nomio
730 1036 771 1100 de
793 1037 914 1102 Perseo
936 1037 1035 1121 alias,
1058 1061 1138 1126 quas
1162 1039 1338 1127 Synoellus

222 1138 391 1203 Oedrcnus
423 1138 565 1201 Ioannes
597 1136 822 1201 Antiochenus
860 1145 892 1201 e't
929 1138 1051 1203 Malela
1082 1149 1230 1206 necmnt.
1288 1144 1339 1208 Ae

221 1241 369 1326 suspicor
391 1240 542 1327 equidem
561 1240 680 1304 latinos
701 1237 875 1323 scriptores
891 1239 1050 1305 Varronis
1070 1241 1226 1327 degente
1244 1243 1282 1311 P.
1297 1248 1337 1310 R.

221 1362 317 1426 opus,
351 1342 496 1406 Graecos
526 1340 662 1427 Didymi
688 1337 858 1401 historiam
891 1343 1099 1426 peregrinam
1128 1347 1337 1433 compilasse.

221 1442 293 1507 Hoc
315 1452 403 1508 certe
423 1443 564 1508 Ioannes
584 1438 808 1506 Antiochenus
831 1462 882 1526 ap.
909 1440 1059 1506 Mueller.
1082 1443 1159 1510 hist.
1186 1447 1247 1512 Gr.
1270 1451 1337 1515 vol.

220 1545 270 1608 IV
298 1569 330 1630 p.
353 1548 415 1607 540
444 1552 599 1626 testatur,
633 1542 691 1607 ubi
712 1541 794 1606 haec
816 1542 968 1627 leguntur
996 1543 1099 1610 ‘cod
1121 1546 1228 1611 Paris.
1255 1553 1337 1615 1630

221 1645 279 1710 sol.
303 1648 364 1709 234
404 1641 467 1710 ἀπὸ
497 1649 555 1728 τῆς
583 1643 747 1721 ἐκθέσεως
770 1638 929 1709 Ἰωάννου
953 1638 1144 1727 Ἀντιοχέως
1171 1651 1230 1730 τῆς
1260 1653 1339 1735 περὶ

220 1744 355 1829 χρόνων
386 1785 427 1796 —-
459 1741 505 1822 ὥς
543 1764 649 1828 φησιν
686 1740 752 1810 ἀπὸ
787 1748 914 1829 βίβλων
948 1747 1099 1824 Μωσέως
1126 1743 1339 1832 Ἀφρικανοῦ

220 1841 392 1929 Εὕσεβίον
408 1849 569 1912 Παππίον
591 1844 645 1909 καὶ
662 1842 857 1929 Διδύμου
881 1845 935 1910 καὶ
952 1843 1105 1938 ἑτέρων’,
1126 1839 1209 1916 illud
1229 1853 1337 1940 ipsius

220 1948 398 2033 Augustini
421 1949 524 2014 verba
544 1948 715 2035 probabile
739 1946 873 2012 faciunt.

760 2137 790 2196 5.

305 2255 344 2316 ln
365 2252 427 2315 hoc
442 2251 579 2336 Didymi
591 2257 695 2334 'opere
717 2248 887 2335 probabile
910 2261 960 2315 est
980 2255 1146 2316 exstitisse
1167 2257 1269 2318 etiam
1290 2259 1338 2322 fa-

219 2356 330 2420 bulam
362 2354 405 2428 'de
436 2352 531 2415 Luna
563 2373 583 2413 a
614 2349 704 2413 Pane
744 2360 896 2436 corrupta
932 2374 1088 2439 perquam
1119 2357 1338 2441 reconditam,

220 2478 316 2542 quam
340 2477 403 2539 quo
427 2462 559 2516 auctore
587 2450 752 2515 retulisset
771 2452 938 2536 Vergilius
961 2476 1003 2517 ne
1025 2453 1175 2520 Valerius
1199 2459 1338 2544 quidem

218 2555 346 2620 Probus
367 2555 419 2618 vir
438 2552 679 2616 literatissimus
702 2552 846 2617 iudicare
868 2557 982 2639 potuit.
1029 2555 1174 2621 Macrob.
1200 2559 1337 2626 Saturn.

219 2661 250 2723 V
269 2661 309 2721 22
333 2682 365 2745 p.
389 2659 451 2721 567
474 2654 524 2718 ed.
544 2654 663 2716 Zeun.:
691 2659 783 2732 Apud
810 2661 985 2734 Vergilium,
1013 2657 1132 2742 inquit,
1157 2664 1227 2722 Pan
1251 2667 1338 2727 niveo

218 2770 310 2826 lanae
330 2780 452 2823 munere
472 2761 589 2820 Lunam
611 2762 741 2819 illexisse
760 2762 951 2835 perbihetur:

385 2866 436 2922 ‘ia
458 2877 581 2922 nemora
596 2864 659 2920 alto
677 2878 786 2921 vocans

383 2980 505 3023 munere
526 2965 569 3023 sic
590 2965 672 3022 niveo
690 2965 790 3035 lanae,
812 2967 840 3038 se}
857 2965 982 3024 credm
1001 2957 1179 3038 dianum'st’

217 3075 246 3127 el
262 3070 388 3140 reliqua.
422 3066 461 3123 Ia
480 3066 537 3124 ,boc
552 3068 621 3124 loco
649 3065 785 3124 Valerios
799 3065 912 3124 Probas
929 3068 975 3124 vir
987 3065 1226 3140 perfectissimus
1241 3081 1335 3143 arctat,

218 3168 333 3224 nescire
352 3183 384 3224 se
406 3165 651 3225 heredetoriam
673 3167 732 3224 sive
744 3165 883 3237 fabulam
901 3184 957 3240 quo
973 3165 1091 3237 referat
1104 3175 1236 3243 aurwre,
1252 3176 1337 3246 quod

219 3274 332 3326 tuntum
357 3270 452 3325 virum
476 3265 594 3338 fugisse
618 3269 721 3324 miror.
765 3268 841 3326 Num
867 3268 1019 3328 Nicander
1046 3268 1134 3328 buius
1161 3278 1206 3328 est
1227 3282 1336 3332 auctor

219 3369 369 3439 historiae,
389 3373 486 3441 poeta,
502 3381 587 3438 quem
602 3366 748 3440 didymos
765 3372 979 3440 drammaticus
995 3371 1123 3428 omnium
1141 3375 1252 3445 quique
1274 3377 1334 3433 ω’νι

219 3471 326 3543 quique
344 3467 462 3539 suerint
482 3469 722 3540 instructissimos
741 3468 911 3540 fabulosum
933 3477 1024 3530 occat.
1057 3465 1165 3528 Locus
1188 3465 1334 3551 Vergilii

218 3566 391 3652 respicitur
413 3565 494 3630 Gen.
511 3564 564 3627 ΙΙΙ
583 3567 640 3627 391
656 3586 738 3650 sqq„
760 3565 804 3628 cf.
818 3565 910 3629 Serv.
932 3565 967 3628 II
987 3587 1018 3650 p.
1032 3566 1091 3644 281
1116 3565 1213 3628 Lion.
1228 3567 1331 3634 Prob.

218 3668 253 3731 Π
280 3691 311 3753 p.
336 3671 397 3732 369
421 3667 491 3731 cod.
523 3664 645 3729 Veron.
674 3665 709 3728 ΙΙ
737 3689 769 3750 p.
800 3668 861 3729 309
889 3666 967 3729 Mai.
1006 3665 1103 3732 Adde
1139 3664 1331 3754 Philargyr.

215 3777 240 3832 t.
264 3768 298 3831 II
321 3792 353 3854 p.
376 3770 437 3831 399
457 3806 501 3818 -
523 3766 670 3830 ‘Fabula
697 3766 744 3828 sic
763 3773 834 3828 est:
874 3766 944 3846 Pan
973 3789 1047 3830 eum
1074 3767 1188 3830 Lunae
1218 3790 1331 3832 amore

216 3869 380 3953 flagraret,
401 3877 437 3932 ut
459 3868 508 3931 illi
524 3868 686 3933 formosus
706 3867 884 3949 videretur,
908 3869 1014 3931 niveis
1032 3868 1195 3931 coloribus
1216 3890 1252 3930 se
1269 3870 1330 3932 oir-

216 3969 396 4051 cumdedit‚
425 3980 522 4057 atque
543 3965 601 4034 ita¹
616 3992 687 4033 eam
715 3969 757 4032 ad
776 3991 844 4032 rem
866 3992 1040 4034 veneream
1057 3969 1174 4033 illexit.
1194 3967 1197 3970 ’
1220 3969 1330 4036 Huius

216 4071 377 4156 opinionis
400 4079 513 4135 auctor
535 4081 585 4135 est
602 4070 783 4152 Nicander,
806 4092 866 4133 nec
885 4079 1012 4158 poterat
1034 4093 1115 4153 esse,
1138 4071 1204 4134 nisi
1226 4071 1331 4137 Grae·

215 4179 296 4236 cus'.
341 4171 506 4237 Nicandro
528 4163 634 4237 utitur
650 4171 824 4256 Didymus⁴
843 4173 939 4240 etiam
962 4171 1036 4242 aliis
1059 4173 1154 4244 loeis:
1178 4171 1222 4240 cf.
1247 4196 1277 4238 e.
1295 4197 1329 4265 g.
