2858 4882
200 378 261 439 374

201 539 344 606 minibus
365 557 431 600 non
453 534 637 600 obsecutus.
684 529 767 592 Cum
790 525 940 611 Didymo'
956 523 1036 587 lacit
1059 521 1097 587 C.
1123 520 1233 585 Iulius
1257 520 1327 607 Hy-

202 643 301 726 ginus
322 638 389 703 lab.
413 633 575 715 CCXXI,
596 631 648 696 cui
670 630 780 693 neseio
804 626 955 714 equidem
977 647 1034 690 cur
1056 624 1120 689 hoc
1142 631 1247 709 caput
1270 621 1324 687 ab·

203 741 325 806 iudicet
346 737 530 803 Schefferus
550 757 582 820 p.
600 737 670 797 176.
715 729 825 794 Aliam
848 727 969 791 lamam
991 734 1122 790 secutus
1147 734 1199 788 est
1220 726 1327 788 Auso·

202 842 277 905 nius
288 837 547 924 Burdigalensis,
573 835 650 898 licet
672 833 706 895 in
723 830 1016 917 Pythagoricorum
1034 827 1165 913 scriptis
1182 825 1325 889 multum

203 949 365 1024 versatus,
388 941 423 1004 in
438 937 534 1002 Ludo
548 934 615 1000 VII
630 934 811 1018 sapientum
830 953 863 1016 p.
879 933 1043 995 149-164
1063 928 1115 992 ed.
1132 926 1273 991 Mannh.
1294 937 1326 990 et

98 1109 101 1116 .
205 1045 247 1109 G.
270 1042 450 1108 Oedrenus.
475 1075 517 1086 -
541 1035 695 1100 Ceterum
720 1031 783 1096 hoc
810 1031 907 1094 etiam
936 1031 1132 1096 Plutarchus
1160 1051 1240 1093 cum
1266 1029 1325 1092 Di·

205 1146 304 1232 dymo
322 1161 492 1208 commune
507 1135 623 1217 habet,
645 1133 733 1221 quod
752 1133 876 1219 passim
898 1133 965 1196 VII
986 1133 1169 1218 sapientum
1193 1139 1325 1194 senten-

204 1249 288 1310 tiose
310 1243 399 1308 dicta
419 1239 572 1326 respicit,
596 1260 625 1302 e.
641 1259 673 1321 g.
694 1234 844 1320 Sympos.
867 1234 937 1316 III,
957 1237 1031 1296 v13
1052 1232 1204 1297 Thaletis
1228 1226 1326 1295 οὔπω

206 1339 321 1424 καιρός
344 1352 377 1408 et
399 1338 511 1406 ούκέτι
535 1335 661 1421 καιρός.
687 1335 793 1422 (Stob.
816 1335 904 1399 Flcr.
927 1334 1076 1399 LXVIII
1099 1335 1168 1418 29.)

746 1475 833 1536 5..

290 1595 433 1680 Diogen.
450 1591 558 1657 La.V
579 1596 608 1673 5,
629 1593 648 1654 6
669 1589 862 1671 Δίδυμος
884 1583 917 1653 δ’
942 1587 986 1652 έν
1007 1600 1329 1674 συμποσιακοῐις

113 1747 115 1752 -
207 1697 262 1761 καὶ
288 1695 587 1777 Χαριτοβλέφαρον
615 1691 670 1756 καί
699 1687 865 1773 Λαμπετύ
899 1689 975 1776 (sic)
1009 1695 1188 1754 καλεῖσθαι
1217 1685 1329 1756 αύτόν

208 1797 426 1884 (Demetrium
457 1793 667 1878 Phalereum)
697 1810 802 1876 φησιν
835 1787 901 1858 άπό
926 1815 1017 1868 τινος
1045 1789 1187 1890 ἑταίρας.
1241 1793 1328 1857 Rem

207 1898 344 1963 eandem
370 1896 477 1982 tangit
505 1895 695 1960 Athenaeus
725 1894 813 1958 XIII
838 1918 870 1980 p.
901 1897 962 1957 593
993 1894 1033 1957 Ε.
1065 1893 1093 1956 F
1125 1891 1329 1978 Δημήτριος

207 1998 243 2065 δέ
275 1993 293 2064 δ
324 1993 501 2080 Φαληρεύς
530 1999 725 2079 Λαμπιτοῦς
758 1998 815 2078 τῆς
838 1997 968 2078 Σαμίας
1001 1991 1130 2076 ἑταίρας
1164 1993 1328 2078 ἐρασθείς

207 2097 313 2184 ἡδέως
334 2094 380 2165 δι’
405 2093 513 2182 αὐτὴν
530 2092 690 2181 Λαμπιτώ
711 2095 997 2181 προσηγορεύετο,
1021 2091 1067 2174 ὥς
1089 2114 1173 2180 φησι
1189 2103 1329 2164 Δίυλ-

207 2210 296 2284 λος,
327 2201 475 2266 ἐκαλεῖτο
506 2199 543 2265 δὲ
571 2199 626 2264 καὶ
648 2201 954 2286 Χαριτοβλέφαρος.
1000 2198 1156 2264 Certatim
1180 2200 1248 2264 viri
1271 2201 1328 2267 do-

206 2307 252 2369 cti
280 2304 487 2368 Athenaeum
518 2325 560 2366 ex
593 2302 744 2387 Diogene
772 2302 987 2366 emendarunt
1015 2323 1054 2364 ac
1081 2303 1265 2366 novissime
1288 2303 1327 2368 O.

207 2405 355 2470 Mueller.
379 2405 421 2469 fr.
446 2404 535 2467 histt.
560 2403 677 2468 Graec.
703 2403 770 2467 vol.
791 2402 826 2466 ΙΙ
848 2427 879 2489 p.
904 2406 982 2467 361:
1006 2425 1139 2485 vereor,
1163 2413 1202 2468 ut
1223 2415 1327 2471 recte.

209 2507 297 2586 Quid
320 2507 406 2570 enim
424 2505 569 2590 impedit,
592 2527 723 2592 quaese,
747 2507 920 2593 quominus
940 2514 1123 2591 pugnantes
1135 2513 1239 2570 testes
1265 2508 1329 2574 hcc

207 2616 303 2696 pacto
324 2609 369 2683 είς
394 2607 432 2670 ἓν
454 2611 637 2671 συνελθεῖν
658 2630 831 2692 cogamus,
855 2617 891 2672 ut
914 2631 933 2672 a
954 2607 1327 2695 DiogeneDidymum,

207 2709 250 2774 ab
268 2709 437 2773 Athenaeo
453 2708 672 2774 Alexandrini
694 2710 898 2792 grammatici
914 2710 1036 2773 fontem
1056 2710 1327 2798 narrationisque

207 2819 372 2874 auctorem
395 2810 544 2898 Diyllum
573 2809 808 2874 Atheniensem
837 2813 1002 2896 appositos
1022 2832 1093 2873 esse
1114 2815 1326 2878 statuamus?

206 2911 290 2975 Utus
321 2919 387 2993 est,
422 2909 537 2993 ἐπέχω.
584 2910 635 2975 Of.
667 2910 788 2994 Aegid.
822 2911 953 2996 Menag.
987 2912 1004 2975 I
1031 2934 1063 2997 p.
1097 2914 1159 2975 553
1187 2913 1325 2981 Huebn.

209 3011 299 3074 Suid.
323 3011 339 3074 I
364 3015 377 3073 l
404 3033 435 3098 p.
460 3015 540 3076 1245
562 3010 707 3098 Hesych.
732 3009 802 3074 Mil.
828 3014 848 3092 ξ
873 3014 923 3074 17.

749 3149 779 3210 6.

292 3260 404 3347 Steph.
431 3259 514 3344 Byz.
544 3264 621 3342 200,
652 3264 689 3325 18
719 3262 904 3344 W=452,
935 3265 954 3326 8
982 3263 1028 3326 M.
1073 3265 1264 3346 Δίδυμος
1287 3262 1323 3331 δ’

208 3362 252 3426 έν
275 3372 577 3444 συμποσιακοϊς
600 3378 721 3444 φησιν,
745 3357 798 3427 ὅτι
827 3367 961 3447 πρῶτον
986 3368 1144 3447 Λελεγηίς
1169 3367 1323 3433 ε’καλεῑτο

209 3457 275 3528 eiad
299 3465 368 3527 ταῖν
397 3462 625 3530 ἐνοικούντων
644 3461 817 3550 Λελέγων,
854 3460 923 3530 εἶτα
946 3463 1122 3531 Πιτύουσα
1155 3460 1222 3531 άπδ
1254 3473 1326 3533 τοῖν

208 3565 279 3630 έκεῑ
298 3562 429 3632 πιτύων
455 3564 510 3631 καὶ
537 3561 589 3632 ὅτι
612 3566 683 3632 duct
702 3571 838 3651 πρῶτον
865 3573 963 3646 πίτυς
985 3570 1062 3651 ἔφυ.
1108 3570 1143 3633 ol
1168 3565 1236 3653 γάρ
1262 3573 1324 3658 (la-

207 3689 324 3732 cunam
353 3691 386 3734 v.
416 3663 589 3750 Ἀθηναῖοι
618 3669 677 3733 Ea.
702 3667 908 3756 spanheim,
941 3693 974 3734 v.
1011 3667 1175 3752 Μιλήσιοι
1209 3674 1324 3759 explet

207 3769 371 3851 Meinek.,
397 3771 505 3855 possis
534 3771 632 3834 etiam
654 3769 822 3858 ἐγχώριοι)
846 3772 883 3837 έν
905 3783 974 3849 τοῖς
998 3777 1242 3856 θεσμοφορίοις
1265 3779 1324 3840 πί-

209 3893 289 3945 τυος
317 3866 443 3934 κλάδον
472 3864 540 3934 ὑπὸ
570 3865 632 3954 τὴν
661 3870 802 3957 στιβάδα
827 3874 959 3960 (lacuna
981 3875 1016 3938 in
1034 3874 1092 3962 V.)
1121 3871 1176 3938 καὶ
1204 3873 1259 3939 ε’πὶ
1283 3872 1323 3940 τά

208 3974 266 4052 τῆς
287 3967 466 4054 Δήμητρος
488 3971 562 4056 leod
583 3977 697 4038 κεῖνον
719 3975 837 4052 πίτυος
858 3980 1017 4041 τίθεσθαι
1032 3976 1172 4064 (lacuna,
1196 3979 1324 4043 excidit

206 4072 282 4137 fort.
314 4075 509 4155 νομίζουσιν
535 4075 589 4140 vel
617 4077 697 4153 έθος
719 4078 847 4164 ἔχουσι)
880 4073 936 4141 διά
956 4076 993 4140 τὸ
1016 4071 1157 4160 άρχαῑον
1179 4073 1322 4164 (ἁγνεύ-

208 4174 284 4236 εινί
308 4172 370 4256 Μ.)
398 4176 455 4255 τῆς
480 4175 650 4256 γενέσεως.
696 4172 778 4257 μετὰ
806 4173 843 4241 δὲ
865 4180 971 4241 ταῦτα
991 4172 1057 4243 άπὸ
1071 4172 1235 4255 ’Ἄνακτος
1259 4185 1322 4243 τού

207 4276 275 4354 Γῆς
297 4272 351 4336 καί
377 4268 540 4356 Οὐρανοῦ
563 4271 749 4359 ὠνομάσθη
770 4273 976 4361 Ἀνακτορία.
