2866 4882
1154 381 1215 442 305

102 538 174 624 ipse
193 535 393 602 arbitrer-de
416 536 589 623 magadide
610 559 630 602 a
651 537 797 626 Didymo
820 543 1005 630 expositum
1028 542 1145 628 fuisse,
1166 568 1215 611 re-

104 639 250 726 spondeo
276 637 313 700 έν
343 650 413 716 ταῖς
438 635 522 722 ττρός
540 634 656 722 ’λώβαν
688 634 990 728 ἆντεξηγησεσινξ).
1034 644 1111 712 Fuit
1139 667 1214 710 cum

103 737 187 824 πρὸς
214 743 420 820 ΒΑ]ΤΩΝΑ
447 741 630 825 suspicarer
662 743 838 827 antiquitus
871 744 1026 828 scriptum
1055 746 1212 829 extitisse,

103 853 136 907 at
163 864 250 906 nunc
281 841 384 905 lenior
411 840 469 904 illa
491 842 636 924 videtur,
665 840 762 929 quam
783 845 988 930 praeoptavi,
1019 846 1212 912 emendatio.

60 1005 61 1008 ,
102 946 261 1010 Batonem
286 943 499 1027 Sinopensem
527 942 564 1006 έν
586 953 655 1021 τοῖς
676 942 751 1029 περὶ
762 939 879 1022 Ἴωνος
902 945 1014 1010 laudat
1034 946 1154 1010 Athen.
1179 947 1214 1010 X

102 1068 134 1131 p.
156 1048 217 1108 437
229 1044 267 1127 F,
290 1044 333 1108 cf.
360 1044 533 1108 Westerm.
554 1046 597 1109 ad
619 1045 715 1110 Voss.
740 1046 771 1109 h.
796 1046 853 1111 Gr.
878 1070 909 1132 p.
934 1049 994 1110 408
1025 1046 1061 1111 O.
1078 1047 1214 1113 Nieber-

105 1146 195 1236 ding.
222 1145 345 1209 delon.
368 1169 400 1232 p.
427 1149 464 1209 16
487 1169 557 1234 sqq.
579 1146 631 1210 De
654 1149 817 1212 simultate
839 1170 917 1212 vero
937 1146 1095 1232 literaria,
1119 1172 1214 1236 quam

103 1269 177 1311 cum
204 1245 285 1310 Ioba
312 1245 477 1330 Didymus
506 1247 696 1330 exercebat,
730 1249 884 1313 certiores
911 1272 971 1313 nos
994 1249 1074 1316 facit
1096 1249 1214 1314 Suidas

102 1371 135 1412 v.
156 1343 269 1432 Ἰόβας.
305 1347 397 1427 Quae
420 1356 532 1412 nostra
554 1349 736 1414 emendatio
756 1351 784 1413 si
806 1371 874 1412 rem
895 1371 956 1412 acu
977 1353 1091 1435 tangit,
1109 1351 1214 1438 Didy-

102 1472 175 1512 mus
197 1449 336 1512 fortasse
356 1448 525 1511 historiam
543 1449 645 1514 Iubae
669 1449 854 1535 θεατρικήν
872 1452 1031 1535 singulari
1050 1451 1133 1517 libro
1156 1456 1214 1518 im-

103 1558 324 1636 pugnaverat,
349 1551 404 1635 qui
419 1549 502 1614 libro
522 1561 636 1638 quarto
660 1553 700 1616 de
716 1555 848 1636 organis
870 1555 1004 1618 musicis
1028 1556 1214 1642 disputave-

102 1660 161 1733 rat,
181 1651 223 1716 cf.
245 1651 394 1715 Mueller.
417 1651 457 1715 fr.
480 1651 554 1716 hist.
579 1653 637 1716 Gr.
661 1653 714 1717 Ill
735 1676 767 1739 p.
791 1657 864 1717 481.
888 1657 960 1718 482.
1004 1655 1113 1742 Atque
1133 1657 1214 1720 haec

104 1754 176 1839 ipsa
204 1754 347 1839 suspicio
372 1752 609 1840 quodammodo
638 1752 801 1818 stabilitur
831 1763 872 1818 et.
901 1779 942 1818 m.
973 1759 1043 1839 201,
1071 1762 1090 1820 4
1124 1761 1216 1842 βλί-
1254 1797 1255 1800 =

103 1871 214 1938 τυρι*
235 1889 277 1898 -
296 1848 400 1938 Ἰόβας
423 1853 459 1919 δὲ
482 1851 542 1920 τόν
565 1849 754 1932 σκινδαψὸν
774 1853 921 1940 ὄργανον
942 1853 1107 1942 μουσικὸν
1130 1852 1215 1922 cirro-

104 1956 261 2020 δίδοισιν·
287 1951 324 2020 τὸ
348 1951 385 2020 δὲ
407 1959 540 2040 βλίτυρι
560 1959 683 2041 χορδῆς
701 1961 844 2042 μίμημα·
866 1946 1021 2041 celasti,
1043 1958 1101 2022 ubi
1120 1959 1213 2021 vides

104 2057 255 2122 similiter
280 2066 376 2145 atque
396 2059 430 2121 in
452 2082 490 2123 eo
513 2058 600 2141 loco,
629 2059 716 2122 unde
738 2060 926 2146 disputandi
944 2060 1115 2126 exordium
1137 2057 1214 2121 feci-

104 2181 185 2241 mus,
205 2181 363 2244 apparere
381 2168 491 2223 notam
514 2155 576 2222 οὐκ
597 2150 647 2242 εὖ,
665 2181 729 2244 qua
740 2160 924 2244 Hesychius
948 2183 973 2223 s.
988 2184 1020 2224 v.
1039 2156 1214 2243 βλιτύριον

104 2269 204 2324 caret.

187 2488 240 2552 De
262 2487 388 2551 Achaei
409 2488 608 2553 Eretriensis
632 2487 753 2553 fabulis
775 2483 939 2550 nonnullis
962 2492 1213 2549 commentatum

104 2611 175 2652 esse
197 2589 378 2675 Didymum
400 2590 488 2654 haud
510 2591 577 2654 scio
600 2611 641 2652 an
663 2586 813 2652 concludi
835 2583 932 2647 liceat
954 2606 996 2647 ex
1010 2584 1131 2649 Athen.
1148 2587 1213 2650 XV

103 2712 135 2774 p.
160 2690 268 2754 689ss
291 2694 352 2753 τοῦ
382 2681 627 2773 δ’.Αίγυτττίου
651 2684 763 2769 μύρου
785 2681 1009 2768 μνημονεύων
1026 2681 1154 2769 Ἀχαιὸς
1176 2688 1213 2750 έν

98 2795 235 2866 ”Atticus
257 2794 361 2874 φησίν
385 2791 441 2878 (cf.
468 2791 624 2873 Wagner.
649 2796 755 2871 tragg.
774 2787 827 2850 ΙΙΙ
847 2811 879 2873 p.
901 2789 991 2850 5211.
1014 2787 1066 2848 ΠΙ
1088 2787 1168 2873 [5])·

232 2890 418 2976 ἰσάργυρόν
435 2887 465 2956 τ’
492 2891 529 2964 ές·
543 2898 636 2970 χεῖρα
653 2889 811 2968 Κυπρίου
833 2892 934 2952 λίθου

233 2990 381 3058 δώσουσι
400 2985 528 3070 κόσμον
545 2984 715 3070 χριμάτων
737 2982 767 3050 τ’
788 2990 993 3071 Αἰγυπτίων.

103 3093 248 3180 μήποτε,
282 3091 385 3178 φησίν
415 3083 432 3153 ὁ
463 3090 668 3173 Δίδυμος,
704 3085 771 3172 τὴν.
794 3088 1006 3175 καλουμένην
1034 3084 1211 3174 στακτὴνδ)

104 3199 191 3280 λέγει
213 3192 267 3260 διδ
290 3189 351 3274 τὴν
373 3188 548 3275 σμύρναν,
572 3184 615 3272 ἢν
638 3193 683 3266 εἰς
704 3197 880 3273 Αίγυιττον
902 3196 1132 3282 καταγομένην
1154 3215 1214 3255 κο-

175 3352 199 3416 1)
228 3350 316 3400 Aliam
345 3349 417 3399 viam
440 3349 579 3414 ingressus
604 3353 646 3398 est
668 3348 719 3399 Th.
744 3350 892 3414 Bergkius,
923 3351 969 3414 qui
998 3350 1025 3398 in
1049 3348 1155 3398 schedis
1181 3348 1213 3397 de

103 3438 240 3502 Stephano
258 3437 394 3502 Byzantio
414 3436 580 3500 compositis,
601 3451 668 3500 quas
688 3434 784 3485 Ottoni
802 3436 966 3486 Schneidero
986 3436 1135 3495 concessit,
1155 3450 1214 3497 pro-

102 3522 193 3587 posuit
211 3512 241 3569 έν
255 3523 316 3578 τοῖς
334 3512 407 3586 πρὸς
426 3511 531 3581 Ἰξίονα
547 3511 774 3585 ἅντεξηγησεσιν,
795 3520 832 3570 cf.
851 3520 983 3570 Zeitsehr.
1003 3521 1023 3569 f.
1035 3520 1068 3570 A.
1081 3522 1125 3574 W.
1147 3519 1214 3570 1849

102 3623 129 3657 n.
150 3609 183 3658 70
201 3623 227 3671 p.
248 3609 309 3658 554.
347 3608 425 3671 Quod
444 3607 508 3663 ferri
524 3612 631 3671 posset,
654 3607 678 3655 si
696 3607 729 3656 de
745 3606 928 3670 Aristophane
953 3606 1055 3655 comico
1074 3609 1212 3670 ageretur.

174 3694 201 3760 2)
220 3694 390 3745 Vocabulum
407 3694 459 3744 hoc
477 3695 507 3742 in
523 3699 640 3744 mentem
659 3693 724 3743 mihi
741 3698 852 3743 revocat
872 3693 988 3744 Luciani
1005 3691 1093 3740 locum
1107 3697 1215 3756 praeter

102 3781 296 3831 necessitatem
333 3780 496 3830 coniecturis
532 3781 647 3845 petitum
676 3779 720 3828 III
746 3795 773 3844 p.
798 3778 849 3830 236
881 3778 974 3829 Iaobz.
1007 3766 1215 3839 ἀναζητοῦντος

104 3865 175 3933 γοῦν
199 3857 269 3932 ἐμοῦ
290 3863 338 3916 καὶ
357 3859 646 3931 διαπυνθανομένου,
674 3857 743 3914 τότε
760 3856 791 3914 δὲ
809 3854 856 3913 ἐπὶ
875 3855 926 3921 τοὶς
950 3857 1092 3927 αἰγείρους
1115 3851 1215 3924 ἀφιξό-

104 3953 182 4019 μεθα
199 3945 261 4011 τοὶς
279 3945 316 4002 τὸ
335 3944 480 4018 ἤλεκτρον,
501 3942 602 4017 έγέλιον
620 3945 649 4001 οἰ
667 3949 778 4001 ναῦται.
816 3952 861 4002 Sic
873 3951 970 4000 ABFK
988 3948 1049 3998 Ald.
1084 3946 1215 4010 Reliquae

104 4031 154 4098 τὰς
179 4032 210 4089 τδ
233 4033 371 4104 ἤλεκτρον
396 4029 573 4095 έκδιδούσοις.
614 4039 707 4088 Possis
736 4028 898 4096 σταζουσας.
942 4033 995 4085 Sed
1023 4033 1117 4102 utique
1142 4035 1216 4080 recte

105 4127 188 4192 habet
210 4128 292 4179 lectio
320 4127 550 4191 praestantissimi
578 4125 638 4175 cod.
665 4124 738 4175 Gorl.
758 4124 791 4172 A.
815 4113 865 4178 τοὶς
892 4112 935 4169 τό.
971 4120 1065 4182 Neque
1083 4119 1112 4166 in
1130 4117 1216 4166 altero

105 4214 221 4264 Luciani
239 4215 299 4264 loco
317 4214 381 4264 huic
400 4212 535 4263 simillimo
560 4213 634 4262 iusta
659 4215 718 4260 erat
743 4225 854 4270 caussa,
883 4221 930 4255 cur
948 4204 1111 4253 novissimus
1130 4203 1218 4252 editor

108 4317 124 4350 a
148 4300 215 4367 libb.
235 4301 354 4352 lectione
375 4301 514 4360 recederet
533 4299 577 4348 111
600 4315 627 4362 p.
647 4296 807 4350 3381acoz.
838 4287 886 4341 καὶ
905 4288 1034 4339 Δαναοῖο
1052 4282 1139 4353 κόρας
1156 4280 1216 4345 τὰς

157 4406 318 4450 DIDYMUS·
970 4368 1010 4428 20
