2866 4882
1149 353 1210 415 313

98 519 287 604 absorptum
310 525 368 582 est.
397 515 616 604 Interpretum
637 515 746 580 tamen
768 509 858 581 vices
880 518 1041 583 sustinere
1059 527 1212 606 poterunt

99 620 218 685 Suidas
241 627 336 684 etet.
358 641 400 683 m.
424 621 495 700 743,
519 621 558 682 30
582 618 674 706 Sylb.
698 613 820 701 σκηνή·
844 617 952 703 σκηνή
974 617 1064 685 ἐστιν
1085 615 1106 705 ἡ
1128 621 1211 706 μέση

98 717 193 804 θύρα
215 724 277 786 τοῦ
296 717 463 804 θεάτρου,
495 714 695 802 περισκήνια
718 718 824 806 (Suid.
850 723 1008 809 παρασκ.)
1034 720 1070 788 δὲ
1092 719 1131 787 τά
1155 726 1211 788 ἒν·

100 825 206 889 δοθεν
230 823 278 909 (S.
298 825 401 888 ἔνθεν
422 819 476 886 καί
499 822 615 908 ἔνθεν)
640 826 698 904 τῆς
719 820 820 905 μέσης
841 819 954 906 θύρας
984 822 1106 912 (χώρας
1128 825 1210 889 Her-

99 926 224 1012 mann.)
248 928 353 1008 χαλκῆ
369 919 551 1007 κάγκελλα·
587 923 642 989 καὶ
670 925 727 989 ἵνα
754 925 962 1008 σαφέστερον
987 933 1080 1011 είπω,
1104 924 1211 1012 σκηνὴ

99 1019 120 1109 ἡ
142 1020 304 1109 μεταίτην
325 1021 455 1109 σκηνὴν
484 1019 592 1102 εύθύς
620 1025 675 1090 καί
704 1020 744 1090 τά
767 1024 967 1110 περισκήνια
988 1023 1009 1110 ἡ
1032 1023 1209 1112 ὀρχήστρα.

99 1129 252 1216 Denique
276 1137 405 1216 praeter
427 1128 605 1214 Ulpianum
627 1130 670 1193 ad
688 1129 859 1194 Demosth.
883 1130 905 1195 l.
926 1153 954 1194 ο.
981 1132 1107 1218 aliquid
1128 1131 1210 1196 lucis

99 1233 193 1297 affert
213 1231 360 1320 Aleiplir.
385 1232 479 1316 epist.
500 1229 536 1292 ΙΙ
558 1235 576 1294 4
599 1253 631 1317 p.
656 1233 706 1313 35,
728 1234 746 1292 5
769 1231 820 1294 ed.
843 1231 989 1296 Meinek.
1013 1231 1070 1319 (of.
1088 1254 1119 1317 p.
1135 1233 1209 1319 117)

100 1329 171 1416 ἥτις
199 1326 291 1421 αύτῷ
316 1335 371 1396 καί
399 1330 440 1396 τά
462 1343 655 1414 προσωπεῖα
678 1328 883 1409 διασκενάξω
912 1331 967 1396 καὶ
989 1330 1046 1410 τοὶς
1065 1332 1211 1417 ’ἐσθῆτας

100 1433 210 1502 ε’νδύω
233 1433 287 1499 καί
308 1445 377 1511 τοίς
399 1436 640 1517 παρασκηυίοις
658 1432 780 1517 ἕστηκα
801 1433 881 1510 τούς
900 1433 1087 1513 δακτύλους
1107 1434 1211 1519 ἐμαυ-

100 1542 162 1603 τού
195 1537 353 1616 πιέζουσα
382 1524 404 1622 ᾖ
429 1528 471 1599 aiv
504 1539 683 1622 κροταλίση
711 1532 749 1601 τδ
777 1536 925 1619 θέατρον
956 1537 1011 1603 καὶ
1042 1539 1211 1623 τρέμουσα
1274 1561 1276 1566 ·

101 1636 185 1723 τότε,
214 1635 256 1721 νὴ
279 1634 342 1722 τὴν
356 1632 524 1722 Ἄρτεμιν,
554 1633 716 1722 άναψύχω
740 1638 794 1704 καί
816 1635 1066 1724 περιβάλλουσα
1088 1657 1126 1707 σε
1148 1638 1211 1726 τὴν

100 1735 194 1824 ίερίιυ
219 1743 287 1804 τῶν
316 1736 495 1823 δραμάτων
523 1741 569 1828 (3)
599 1737 750 1824 κεφαλὴν
777 1742 1040 1825 ίυαγκαλίζομαι.
1091 1745 1211 1808 Varias

99 1866 154 1907 vv.
178 1842 232 1906 dd.
256 1843 296 1906 de
317 1843 519 1928 parasceniis
546 1844 724 1908 sententias
745 1843 960 1929 protulerunt.
995 1844 1046 1908 Cf.
1070 1846 1111 1910 A.
1130 1846 1211 1909 Mei-

52 1955 55 1961 '
100 1943 176 2007 nek.
200 1965 314 2007 comm.
339 1945 431 2008 mise.
454 1943 535 2008 fase.
558 1943 575 2005 Ι
597 1966 629 2028 p.
654 1947 694 2006 45
718 1943 907 2009 Groddeck.
929 1948 963 2009 in
984 1947 1086 2011 Wolf.
1110 1947 1209 2012 anali.

100 2045 149 2109 lit.
162 2045 198 2108 ΙΙ
208 2068 240 2131 p.
252 2048 310 2109 113
327 2044 483 2132 Geppert.
498 2045 594 2130 altgr.
605 2043 731 2108 Buehn.
744 2069 776 2132 p.
789 2050 845 2109 101
860 2045 1042 2112 Bernhard.
1055 2051 1210 2112 succinet.

100 2147 175 2211 hist.
199 2147 247 2211 lit.
272 2147 329 2212 Gr.
354 2147 479 2210 11621.
503 2151 521 2210 6
550 2135 612 2210 hii.
642 2146 897 2212 Sommerbrodt.
927 2148 968 2212 de
990 2149 1146 2235 Aeschyl.
1176 2172 1212 2213 re

102 2272 188 2314 seen.
211 2257 295 2336 part.
318 2250 335 2312 Ι
356 2272 388 2335 p.
412 2267 488 2312 xxn
527 2251 635 2336 (1848.
659 2249 705 2334 41)
740 2248 897 2333 Wagner.
920 2251 954 2313 in
977 2252 1130 2335 ‘Auszug
1152 2273 1211 2315 aus

101 2352 174 2416 dem
189 2352 323 2416 Berieht
344 2351 445 2415 ueber
462 2353 515 2416 die
530 2351 706 2416 Verhandl.
731 2351 762 2415 d.
780 2350 919 2437 paedag.
936 2351 1082 2436 Section,
1105 2353 1210 2418 Bresl.

108 2457 205 2519 1848’
225 2479 259 2542 p.
285 2459 333 2518 10.

185 2556 346 2642 Harpoer.
372 2561 442 2639 116,
465 2559 503 2620 27
536 2558 727 2640 κυμβίον.
761 2555 985 2639 Δημοσθένης
1006 2555 1044 2619 ἐν
1062 2559 1109 2642 τῷ
1130 2556 1213 2619 κατὰ

103 2657 259 2720 Μειδίου.
289 2650 377 2732 είδύς
400 2679 430 2719 τι
452 2650 645 2737 ἐκπώματος
667 2648 704 2718 τό
728 2656 882 2738 κυμβίον.
916 2652 997 2737 φησί
1020 2653 1056 2719 δὲ
1081 2655 1213 2719 Δίδυ-

102 2781 173 2841 μος
194 2757 349 2839 ἐπίμηκες
368 2751 449 2821 αύτδ
473 2750 631 2820 εἶναικαὶ
654 2752 775 2819 στενὸν
800 2753 921 2843 καὶτῷ
942 2752 1082 2840 σχήματι
1105 2753 1213 2839 παρό-

103 2882 201 2942 μοιον
219 2862 265 2945 τῷ
288 2861 403 2944 πλοίῳ,
426 2851 447 2921 δ
467 2865 613 2922 καλείται
636 2859 793 2940 κυμβίον.

186 2961 262 3024 Vid.
285 2960 381 3023 Dem.
411 2959 548 3024 Midian.
570 2964 600 3040 ξ.
628 2962 685 3023 133
709 2967 741 3022 ολ
762 2982 795 3044 p.
821 2961 918 3040 1156,
936 2961 976 3021 25
1002 2962 1098 3042 1157,
1121 2960 1212 3023 1511.

103 3060 176 3124 coll.
197 3060 326 3125 Sahaef.
348 3083 422 3148 app.
445 3062 515 3125 erit.
534 3062 588 3125 ΙΙΙ
608 3062 650 3126 ad
670 3086 702 3149 p.
731 3062 809 3142 558,
831 3061 869 3122 18
892 3063 969 3141 566,
995 3063 1023 3122 1..
1045 3099 1086 3108 -
1108 3061 1213 3125 Voca-
1273 3062 1275 3067 ’

102 3161 214 3225 bulum
246 3162 411 3226 illustrant
439 3163 584 3250 Hesyeh.
618 3162 654 3226 II
685 3187 717 3250 p.
747 3163 808 3226 376
840 3161 906 3225 lex.
933 3161 1042 3225 Bekk.
1074 3163 1152 3245 274,
1173 3164 1213 3226 28
1295 3173 1297 3178 ’

102 3263 195 3327 Phot.
221 3264 290 3346 186,
317 3267 352 3326 11
377 3263 528 3328 Eustath.
551 3262 590 3327 Il.
616 3289 649 3352 p.
664 3266 725 3327 580
748 3263 798 3327 ed.
815 3263 908 3327 Rom.
924 3264 1017 3327 Pars.
1031 3263 1111 3327 Eur.
1124 3264 1212 3328 Med.

106 3367 164 3428 139
194 3365 245 3429 ed.
269 3368 287 3428 3
316 3365 717 3452 LpaMaerob.Sa1urn.
741 3389 772 3451 p.
792 3367 849 3428 561
875 3363 978 3427 Ζοοο.
999 3404 1042 3415 —-
1061 3366 1214 3430 Ceterum

103 3464 272 3552 probabile
299 3475 347 3531 est
385 3468 447 3533 hoa
478 3467 673 3532 voeabulum
706 3489 727 3530 a
752 3474 864 3531 nostro
885 3466 1088 3530 inlexicum
1117 3468 1214 3531 etiam

103 3570 261 3633 comicum
284 3591 355 3633 esse
378 3573 553 3656 receptum.
603 3571 679 3634 Vid.
702 3593 733 3655 p.
753 3573 804 3631 75.

188 3693 213 3735 e.
245 3670 405 3759 Harpoer.
432 3675 566 3755 136,10
600 3666 830 3737 ὁκάτωθεν
851 3666 987 3754 νόμος.
1032 3669 1215 3752 Δημοσθέ-
1255 3731 1265 3748 ,

105 3795 165 3853 νης
193 3772 230 3836 ἐν
253 3776 298 3859 τῷ
321 3767 395 3837 κατ’
416 3768 701 3858 Ἀριστοκράτους.
748 3774 936 3856 Δίδυμος
964 3767 1075 3855 (ἤτοι,
1099 3772 1213 3854 φησίν,

106 3868 168 3955 τὴν
189 3867 324 3957 ἡλιαίαν
346 3875 433 3957 λε’γει
456 3869 474 3939 ὁ
497 3872 608 3959 ῥήτωρ
629 3871 684 3940 διὰ
706 3871 743 3940 τὸ
763 3878 831 3938 τοῖν
853 3876 1076 3957 δικαστηρίων
1098 3866 1215 3955 τὰμὲν

105 3970 176 4039 άυω
197 3972 237 4039 τά
261 3973 297 4040 δὲ
320 3974 410 4040 κάτω
432 3971 673 4061 ὀνομάζεσθαι,
696 3970 717 4060 ἢ
740 3973 796 4041 διὰ
820 3971 857 4041 τδ
881 3979 989 4060 σχῆμα
1011 3979 1069 4058 τῆς
1088 3973 1125 4038 ἐν
1147 3984 1215 4049 τοῖς

104 4070 197 4153 άξοσι
232 4081 364 4161 γραφῆς
393 4070 654 4163 βουστροφηδὸν
686 4079 916 4162 γεγραμμένης
952 4073 1013 4141 τὸν
1044 4071 1109 4140 άπὸ
1146 4077 1215 4140 των

105 4174 293 4262 εὐωνύμων
322 4174 510 4262 ἀρχόμενον
545 4177 652 4263 νόμον
684 4179 840 4245 κάτωθεν
870 4174 1024 4261 ὀνομάζει
1050 4174 1068 4242 ὁ
1097 4183 1215 4260 Δημο-
1342 4228 1348 4240 .

103 4279 244 4363 σθέυης·
270 4274 322 4344 ὅτι
342 4277 425 4365 γάρ,
451 4283 549 4364 φησί,
578 4276 840 4366 βουστροφηδὸν
865 4270 952 4362 ἦσαν
971 4281 1006 4344 oc
1025 4273 1140 4358 ἄξονες
1160 4278 1215 4344 καί
