2752 4890
168 381 227 443 164
619 377 823 438 -Σ-

252 547 304 608 53.
327 542 410 606 έυί·
430 535 673 624 Ἀριστοφάνης
695 539 769 604 έπί.
799 541 840 604 Α.

249 652 320 714 100.
343 639 400 711 διά
422 645 485 708 τοι]
507 665 533 706 ω
547 635 672 724 Ἀρέα
692 635 963 726 ἡἈριστάρχου·
994 639 1050 705 καί
1072 641 1141 704 ἔστι
1161 637 1199 705 τό
1222 646 1279 705 λε-

166 747 330 833 γόμενον·
355 748 439 831 ἐμοῦ
460 743 497 808 δὲ
518 742 632 825 ἐδέησε
649 738 685 806 τό
707 736 891 826 ἀλεξητῆρα
909 741 1068 823 γενέσθαι
1083 747 1144 806 τοῦ
1157 736 1278 826 Ἀρεω,

168 847 250 916 καθ’
285 843 328 915 όν
359 841 521 913 άπάλετο.
557 839 615 909 ἀπ’
641 836 776 918 εὐθείας
798 844 856 924 τῆς
878 837 1055 927 ὁἈρεως,
1086 836 1169 918 όςὸ
1195 845 1278 906 Πεί-

167 965 259 1036 ρεως.
306 952 455 1032 *Πείρεω
489 941 585 1010 ὑιόν’
616 947 663 1034 (Y
683 944 769 1025 484).
813 941 849 1005 ἐν
889 941 926 1007 δὲ
958 955 1028 1020 τοῖς
1063 945 1279 1024 εἰκαιοτέροις

164 1045 267 1134 ἀρῆς
292 1055 350 1134 τῆς
376 1044 519 1134 βλάβης,
548 1046 619 1110 έπεί
642 1043 697 1109 καὶ
715 1039 865 1120 Ἡσίοδος
884 1040 986 1129 *άρῆς
1005 1039 1171 1129 ἀλκτῆρα’
1195 1044 1279 1128 βλά-

150 1155 227 1235 “βης
247 1149 303 1216 καὶ
325 1147 503 1264 κακώσεως
526 1149 591 1231 ἔφη
612 1147 708 1234 (scut.
732 1149 782 1209 29.
808 1147 893 1232 128).
922 1148 964 1211 A.

472 1269 491 1302 α

210 1316 213 1324 ’
254 1321 324 1385 124.
367 1314 534 1385 άθινόυ·
576 1311 685 1394 οὕτως
710 1311 937 1402 Ἀρίσταρχος,
967 1311 1063 1382 άλλοι
1095 1316 1133 1381 δὲ
1167 1312 1276 1381 άθιν.

198 1422 209 1484 i
269 1421 311 1484 A.

166 1422 196 1509 (⁸
211 1421 318 1584 ο)142.
341 1513 614 1603 ἀγορεύσατ’·
639 1513 729 1600 παρά
750 1514 930 1606 Ζηνοδότφ
952 1483 1203 1602 ἀγορεῦσαι·
1225 1516 1280 1580 καί

38 1612 41 1618 ’
165 1616 350 1702 ὑποφαίνει
370 1617 409 1684 τὸ
428 1616 609 1705 Ὁμηρικόν
632 1621 723 1697 ἔθος.
756 1620 797 1683 A.
828 1683 829 1688 ,

253 1724 322 1784 171.
349 1714 601 1804 ἡἈριστάρχου
628 1716 711 1810 κατά
736 1716 875 1805 γενικὴν
899 1715 1151 1804 Πατρόκλου
1180 1714 1280 1783 ἐπά-

166 1843 311 1905 μυνον.
343 1821 385 1886 Α.
423 1823 554 1888 Abhinc
575 1823 689 1909 incipit
716 1824 895 1888 Aristonici
923 1822 1089 1886 adnotatio
1122 1843 1142 1884 a
1166 1819 1279 1884 Fried-

166 1920 321 1986 laendero
342 1946 373 2009 p.
398 1926 458 1988 284
487 1924 571 1988 male
597 1925 718 2015 omissa
750 1924 888 1989 Lehrsio
916 1923 1155 2010 obtemperanti
1183 1921 1227 1984 ad
1247 1925 1284 1984 Π

168 2028 231 2088 522
249 2049 281 2112 p.
307 2029 379 2092 267.

254 2129 324 2190 182.
344 2131 405 2205 τίς
427 2125 503 2212 γάρ
529 2145 590 2194 σε·
624 2124 644 2212 ἡ
676 2128 770 2212 ἑτέρα
799 2131 868 2192 τόν
888 2121 1106 2211 Ἀριστάρχου
1135 2119 1192 2188 ’0ιά
1218 2126 1280 2187 τοῦ

168 2249 198 2310 τ,
230 2231 294 2304 τίς
322 2225 396 2314 τάρ
430 2245 482 2294 σε.
527 2226 655 2314 μήποτε
674 2230 711 2295 δὲ
733 2231 882 2313 ἀμείνων
905 2223 926 2311 ἡ
949 2228 1106 2310 προτέρα,
1128 2221 1280 2310 παρόσον

169 2324 319 2416 σύνηθες
331 2323 463 2419 Ὁμήρφ
478 2325 619 2396 ἀπὸτοῦ
634 2327 697 2414 γάρ
710 2326 883 2414 άρχεσθαι.
906 2329 959 2394 Of.
972 2328 1099 2394 Nauck.
1110 2326 1279 2414 Aristoph.

168 2428 250 2514 Byr.
270 2451 302 2514 p.
323 2433 363 2494 63
385 2455 417 2496 n.
441 2435 492 2496 88.
535 2434 577 2497 A.

257 2531 327 2594 198.
352 2526 486 2610 αὕτως
508 2529 598 2616 παρὰ
618 2529 798 2619 Ζηνοθότφ
820 2531 876 2596 καί
888 2525 1123 2615 Ἀριστοφάνει
1145 2526 1201 2593 0ιά
1220 2531 1281 2593 τοῦ

170 2657 188 2698 o
211 2629 353 2717 αὐτός,
371 2627 419 2697 ἵν’
439 2622 477 2719 ᾗ·
506 2627 608 2711 αὐτὸς
630 2633 731 2716 χωρὶς
752 2623 891 2700 ὅπλιον9
913 2631 981 2708 [καί
1007 2626 1112 2713 λόγον
1135 2631 1200 2711 ἔχει
1222 2653 1281 2712 χα-

170 2737 293 2818 ρίεντα]
315 2734 370 2800 καί
389 2729 453 2799 οὐκ
473 2728 596 2817 άλογός
618 2734 709 2798 ἐστιν
729 2728 750 2817 ἡ
771 2729 894 2816 γραφη.
916 2733 958 2796 A.

255 2854 327 2916 207.
362 2844 414 2928 ιός
446 2846 479 2916 θ’
514 2846 582 2916 ὅτε
614 2845 776 2929 καπνός
804 2847 877 2915 ἰιόν
903 2850 942 2928 έξ
973 2845 1121 2925 άστεος
1143 2842 1279 2930 αἰθέρ’

168 2953 326 3033 ἵκηται·
348 2951 383 3014 οἰ
401 2950 477 3033 περὶ
497 2949 687 3018 Διονύσιον
712 2949 773 3016 τόν
790 2946 912 3039 ’Θρᾷκά
943 2968 1048 3036 φασιν
1066 2945 1296 3034 Ἀρίσταρχον,

171 3048 285 3136 πριότη
306 3046 411 3137 ταότη
435 3049 608 3137 χρεόμενον
627 3057 668 3139 τῇ
691 3055 804 3137 γραφῇ
824 3052 1048 3136 μεταθέσθαι,
1078 3051 1134 3117 καί
1155 3049 1280 3135 γράψαι

171 3146 222 3227 ὡς
244 3143 276 3213 θ’
300 3143 368 3214 ὅτε
389 3156 468 3233 πῦρ
491 3153 557 3218 aa
578 3152 735 3219 πόντον
761 3147 989 3235 ἀριπρεπές
1020 3146 1157 3234 αἰθέρ’
1186 3152 1281 3234 ἵκη-

170 3275 247 3336 ται.
275 3249 360 3336 ,[καί
386 3247 450 3334 γὰρ
478 3247 617 3337 άτοπον,
637 3259 736 3338 φησί,
770 3257 838 3335 πῦρ
873 3250 1061 3329 εἰκάζεσθαι
1084 3254 1203 3338 καπνῷ
1224 3251 1277 3338 V.]

170 3356 361 3439 έμφατικιός
388 3349 425 3417 τό
450 3353 487 3417 έν
515 3355 647 3442 πολέμφ
675 3357 744 3436 πῦρ
771 3351 927 3418 έπιτεθὲν
956 3355 1003 3440 τῷ
1028 3348 1169 3436 Ἀχιλλεῖ
1194 3359 1281 3434 παρέ

171 3454 269 3539 έβαλε
289 3457 335 3540 τῷ
359 3454 395 3518 έν
417 3454 651 3540 πολεμουμένῃ
672 3449 856 3541 ἁπτομένῳ.
880 3455 921 3518 A.

170 3613 172 3618 ·
256 3575 328 3636 210.
357 3566 501 3650 ἀστεος
523 3573 567 3637 ἐκ
589 3575 812 3656 σφετέρου·
846 3569 1036 3655 Ζηνόδοτος
1063 3565 1166 3634 άστν
1189 3569 1282 3634 ποτὶ

169 3677 388 3761 σφέτερον.
414 3676 456 3739 A.

256 3781 328 3842 213.
349 3771 512 3860 Ἀρεως·
533 3769 743 3858 Ἀρίσταρχος
757 3767 891 3855 Ἀρειον.
915 3772 957 3835 Α.

257 3879 329 3941 222.
353 3871 503 3960 ἀμέτρως
525 3868 542 3938 ὁ
564 3871 754 3956 Ζηνόδοτος
777 3868 854 3938 όπα
875 3870 1074 3955 χαλκέην,
1103 3865 1145 3935 οὐ
1168 3873 1281 3947 συνείς

169 3975 223 4043 ότι
255 3972 490 4062 παραπλήσιόν
523 3976 592 4040 ἐστι
623 3971 660 4039 τό
686 3979 793 4058 σχῆμα
815 3978 861 4060 τῷ
884 3967 1026 4048 εκλυτός
1048 3966 1279 4056 Ἱπποδάμεια’

172 4080 213 4165 (Β
235 4081 310 4165 742)
347 4075 402 4142 καὶ
429 4071 574 4160 εθερμός
596 4070 724 4160 ἀϋτμή’
765 4076 890 4163 (hymn.
917 4075 953 4136 in
979 4073 1080 4137 Mero.
1111 4075 1198 4160 110).
1241 4077 1280 4139 Α.

170 4180 326 4243 Fortasse
340 4179 520 4242 Aristonici
541 4186 599 4259 est,
622 4179 675 4241 cui
694 4177 809 4242 tribuit
828 4175 952 4239 Friedl.
972 4175 1198 4239 Duentzerum
1220 4175 1278 4238 Ze-

170 4278 246 4342 nod.
266 4301 298 4364 p.
321 4285 340 4343 4
366 4278 458 4363 sequi
479 4278 590 4340 malui.
