2894 4890
132 360 193 421 226

133 519 195 608 τὴν
220 522 424 606 Τριτωνίδα·
455 514 541 587 άλλά
564 522 693 603 μᾶλλον
718 513 763 598 ως
787 515 842 584 διά
865 522 927 584 τοῦ
950 516 1098 598 Φάσιδος
1121 523 1168 599 είς
1186 518 1248 586 τὸν
1347 540 1349 544 ·

132 619 294 689 Ὠκεανὸν
317 619 590 688 ἐκπεπτωκότων.

218 726 356 790 Videtur
390 726 491 809 igitur
518 732 666 788 veterum
701 723 820 809 aliquis
852 723 1138 806 grammaticorum
1173 725 1250 788 huic
1347 800 1350 803 ,

133 829 244 894 versui
265 835 375 890 notam
397 827 563 891 adlevisse
584 825 733 888 criticam
755 846 783 887 e.
807 846 839 908 g.
862 821 899 887 τὸ
922 847 958 906 χ,
980 819 1030 886 ὅτι
1051 819 1136 906 πρὸς
1159 821 1251 889 εἰδό-

82 993 83 996 ,
115 954 191 1014 ,τας
213 929 301 1011 λέγει
321 922 342 1011 ἡ
364 925 517 1011 Μήδεια;
543 926 737 1012 patrecinati
757 934 872 1010 poetae
895 925 953 988 alii
973 934 1063 1008 sunt,
1091 927 1249 1013 equibus

135 1032 328 1096 Ammonius
355 1029 506 1094 Medeam
528 1028 706 1092 arbitratur
727 1026 837 1110 Argus
862 1026 1006 1090 humeris
1027 1035 1142 1094 vectae
1160 1050 1250 1090 mem

133 1136 256 1198 tionem
276 1132 395 1196 fecisse
409 1153 447 1195 οο
468 1127 615 1210 oonsilio,
639 1135 675 1190 ut
697 1149 772 1190 suas
793 1128 895 1213 ipsius
914 1128 1027 1192 laudes
1043 1127 1250 1192 concelebra-

135 1242 194 1316 ret,
217 1225 383 1318 Didymus
406 1252 485 1296 vero
507 1238 638 1317 poetam
659 1229 740 1292 haec
761 1229 938 1293 inseruisse
957 1237 1112 1311 autumat,
1134 1237 1171 1294 ut
1193 1251 1250 1292 no-

133 1337 186 1401 bis
216 1344 361 1399 monstra
389 1333 586 1420 loqueretur.
633 1330 786 1394 Ceterum
814 1332 1008 1397 Ammonius
1036 1329 1249 1418 Apollonium

134 1437 298 1500 Rhodium
329 1443 361 1499 et
389 1434 597 1516 Timagetum
621 1434 656 1495 in
678 1433 695 1494 1
719 1432 759 1495 de
781 1431 938 1518 portubus
962 1431 1076 1519 (schol.
1096 1432 1160 1516 Ap.
1184 1431 1250 1494 Rh.

134 1536 183 1600 IV
205 1536 281 1622 259)
309 1535 471 1620 sequitur,
508 1555 605 1621 quam
634 1533 676 1597 ob
703 1555 772 1596 rem
798 1533 875 1597 inde
900 1555 921 1596 a
948 1532 1058 1597 verbis
1085 1535 1185 1597 τοῦτο
1212 1531 1250 1596 δὲ

134 1637 288 1700 ἐναντίον
321 1634 482 1699 refutatur
514 1658 534 1698 a
563 1635 708 1721 Didymo
737 1635 921 1699 Hesiodum
949 1634 1181 1698 Antimachum
1215 1635 1251 1696 in

133 1737 228 1824 Lyde
258 1745 290 1800 et
311 1735 520 1810 *Hecataeum
549 1736 713 1800 Milesium
744 1746 841 1822 atque
867 1737 975 1822 ipsum
1004 1737 1144 1822 denique
1172 1735 1250 1798 Pin·

135 1837 250 1900 darum
275 1844 397 1901 secuto.

665 1991 717 2052 24.

144 2177 146 2183 A
220 2105 301 2171 ibid.
318 2110 381 2171 446
403 2108 556 2171 Πελίαο
580 2104 731 2189 φόνου·
754 2100 908 2190 ὁΧαίρις
931 2101 973 2172 οὐ
989 2104 1147 2192 βούλεται
1163 2125 1249 2172 συν-

137 2208 245 2284 θέτως
266 2202 536 2290 ἀναγιγνώσκειν
557 2201 593 2271 τό
618 2210 773 2272 Πελίαο
794 2205 936 2289 φόνον.
959 2207 996 2272 ἐκ
1019 2204 1083 2291 γάρ
1107 2205 1170 2273 δύο
1194 2231 1250 2273 τε-

136 2313 236 2376 λείων
260 2310 328 2374 ἐστὶ
350 2313 412 2374 τοῦ
432 2313 556 2375 Πελίαο
578 2309 633 2375 καὶ
655 2314 717 2374 τοῦ
736 2307 856 2392 φόνον.
902 2313 1028 2392 γίνεται
1050 2309 1087 2374 δὲ
1110 2310 1249 2393 τοιαύτη

131 2408 316 2494 σύνθεσις,
345 2405 390 2488 ὡς
417 2411 686 2496 μεταβάλλεσθαι
708 2408 768 2476 τόν
787 2407 899 2477 τόνον.
943 2405 1017 2496 ἤτοι
1038 2402 1119 2497 οὖν,
1144 2414 1250 2497 φησὶν

135 2505 153 2576 ὁ
183 2513 386 2598 Δίδυμος,
420 2516 663 2598 προσευεκτέον
695 2510 757 2578 τάν
779 2509 1033 2599 Πελιαοφουόν,
1068 2509 1249 2601 ὀξυτόνως,

135 2605 183 2675 ἵν’
213 2601 236 2698 ᾖ
264 2611 489 2698 φονευτικην,
520 2607 541 2697 η’
573 2611 827 2701 παροξυτόνως,
860 2612 932 2699 ἥτις
958 2605 1002 2700 ἦν
1029 2619 1091 2680 τοῦ
1121 2621 1250 2682 Πελίου

138 2709 254 2795 φόνος.
278 2715 425 2801 Gotting.
508 2733 509 2736 ’
850 2797 852 2800 v

156 2832 158 2836 ’
221 2813 400 2881 Verissima
431 2817 602 2882 Chaeridis
633 2817 836 2900 emendati03
869 2819 989 2882 rectius
1022 2842 1117 2904 veru,
1151 2843 1249 2907 quam

137 2915 317 3002 Didymus,
340 2916 557 3000 Πελιαφόνου
580 2919 732 2987 aeeinunt
755 2919 849 2984 codd.
874 2920 1014 2986 Gqud.

665 3089 717 3150 25.

223 3200 303 3264 ibid.
323 3205 385 3263 454
407 3226 438 3288 p.
461 3205 522 3265 372
555 3205 757 3288 διαποροῦσι
785 3206 838 3290 δέ,
869 3202 925 3270 διά
944 3209 978 3270 τί
994 3203 1102 3290 μόνου
1125 3200 1249 3290 Εὐφή-

138 3321 205 3382 μου
238 3299 461 3385 μνημονεύει,
507 3307 642 3367 πολλῶν
675 3315 746 3382 ταίς
780 3310 943 3388 Λημνίαις
979 3305 1246 3389 πλησιασάντων.

139 3399 308 3464 ἐπιλόεται
332 3397 369 3465 δὲ
391 3397 408 3465 ὁ
433 3403 620 3487 Δίδυμος
642 3405 794 3490 φάσκων,
817 3401 869 3471 ὅτι
891 3402 957 3473 άπὸ
977 3402 1146 3490 Εὐφήμου
1167 3406 1249 3472 τού-

137 3522 198 3563 του
221 3500 353 3584 ἐγίνετό
373 3527 422 3578 τις
445 3504 499 3567 καὶ
521 3502 634 3587 ἕτερος
648 3501 812 3589 Εὔφημος
834 3503 851 3572 ὁ
875 3503 941 3573 σόν
957 3504 1072 3594 Βάττφ
1092 3505 1153 3590 την
1174 3514 1249 3572 Κυ-

138 3598 245 3684 ρήνην
265 3606 393 3688 κτίσας,
415 3597 455 3667 δν
478 3601 532 3668 διά
552 3603 614 3689 τὴν
633 3601 831 3691 ὁμωνυμίαν
854 3604 913 3672 ἀπ’
936 3611 1067 3673 ἐκείνου
1089 3633 1138 3684 τις
1153 3603 1249 3673 ’ὑπο-
1285 3647 1288 3652 ·

138 3699 315 3768 τοπάσειεν
336 3699 430 3768 εἶναι.

666 3845 717 3907 26.

222 3953 320 4039 Pyth.
344 3959 375 4019 Ε
396 3960 436 4019 76
454 3979 486 4042 p.
510 3960 568 4021 381
584 4011 585 4016 ,
600 3957 731 4024 ἐκείνου
759 3957 796 4024 δὲ
821 3957 882 4024 τὸν
903 3959 1033 4026 Βάττον
1056 3962 1111 4027 καὶ
1134 3964 1169 4027 οί
1186 3988 1248 4046 χα-

140 4053 234 4116 λεποί
256 4055 387 4130 λέοντες
414 4061 472 4140 τῆς
495 4056 625 4143 Λιβύης
647 4054 892 4146 εὐλαβηθέντες
915 4063 1061 4147 ἔφυγον,
1091 4068 1250 4147 γλῶσσαν

138 4154 212 4217 ἐπεί
231 4170 348 4236 σφισιν
370 4152 546 4224 ἀπένεικεν
566 4154 806 4244 ὑπερποντίαν.
840 4161 903 4247 οὐχ
925 4157 993 4249 ότι,
1011 4165 1116 4249 φησίν
1137 4159 1250 4231 όΔί-

138 4251 286 4335 δυμος,
314 4255 348 4319 οί
367 4258 498 4335 λέοντες
519 4259 555 4324 ἐκ
579 4268 696 4346 φωνῆς
717 4265 862 4348 ἔφυγον,
885 4261 959 4330 άλλ’
983 4265 1053 4330 ἐπεὶ
1075 4261 1138 4351 τὴν
1160 4262 1249 4332 άπό-
