2866 4882
1155 357 1216 420 293

74 577 75 580 ,
104 515 263 580 tosthenis
285 514 387 580 fuisse
407 515 537 597 referat,
560 517 651 579 nisus
675 516 775 581 schol.
798 519 883 605 qu.
906 522 978 583 958.
1023 520 1124 587 Porro
1142 524 1216 587 Ari·

105 616 273 702 stophanis
295 614 450 699 Byzantii
468 615 716 704 Aristarcbique
738 621 945 684 recensiones
966 627 1214 689 commentarios

106 714 452 801 commentariolosque
475 717 562 802 quod
583 719 713 801 attinet,
737 721 793 805 qui
816 721 960 806 potuisse
982 720 1054 784 fieri
1078 723 1221 790 arbitra·

105 820 150 883 ris
169 826 206 882 ut
228 817 441 903 Symmachus
469 817 620 882 manibus
646 826 802 884 tractaret
822 842 978 906 suamque
999 821 1034 883 in
1053 822 1215 892 collectio-

106 942 181 984 nem
203 919 245 983 ad
264 918 402 982 verbum
423 918 673 983 transscriberet
701 921 813 1006 (quam
833 921 1027 985 sententiam
1048 926 1213 992 mordicus

105 1029 195 1084 tenet
216 1018 405 1084 Schneider.
427 1041 459 1103 p.
473 1022 513 1082 58
537 1016 609 1082 coll.
633 1020 733 1082 schol.
757 1019 841 1105 qu.
866 1022 953 1104 752),
976 1045 1112 1108 quorum
1135 1050 1213 1114 qua.

106 1122 283 1206 lescunque
301 1117 546 1183 observationes
569 1118 726 1183 credibile
749 1127 797 1182 est
816 1141 858 1183 ne
883 1120 1064 1207 Didymum
1082 1128 1213 1212 quidem

107 1247 124 1286 e
142 1221 245 1304 libris,
267 1228 302 1284 ut
315 1218 417 1284 verbo
432 1229 515 1302 utar,
539 1217 753 1302 originalibus
770 1220 915 1305 potuisse
931 1225 1130 1311 protrahere,
1155 1231 1214 1294 sed

106 1322 273 1409 operosius
296 1319 361 1383 huc
382 1330 413 1384 et
430 1319 508 1382 illuc
530 1323 854 1403 circumspectantem
873 1343 891 1384 e
912 1322 1144 1409 discipulorum
1159 1329 1213 1394 de-

105 1445 194 1487 mum
215 1421 308 1486 libris
328 1423 473 1508 undique
494 1419 682 1504 conquisitis
702 1422 910 1486 excussisse?
932 1423 1022 1504 Quas
1045 1427 1210 1493 molestias

106 1546 163 1588 cur
194 1530 269 1608 post
295 1523 431 1610 Didymi
464 1541 558 1585 curas
586 1520 705 1582 iterum
736 1522 867 1606 proprio
896 1524 1002 1588 Marte
1033 1527 1214 1594 exantlaret

106 1623 334 1711 Symmachus,
358 1622 484 1686 etiamsi
503 1621 725 1706 copiosissimo
745 1621 834 1685 illius
855 1631 1014 1710 apparatu
1037 1626 1144 1691 adhuc
1165 1630 1214 1692 uti

104 1727 281 1813 potuisset,
314 1731 350 1786 ut
371 1721 518 1806 profecto
540 1742 606 1785 non
630 1722 750 1805 potuit,
785 1743 901 1786 caussa
922 1725 1102 1790 mehercle
1122 1728 1214 1793 nulla

106 1835 185 1891 erat.
229 1820 546 1906 Aristophanem
574 1821 674 1904 igitur
696 1821 859 1906 Didymus
885 1826 1050 1908 cognitum
1071 1826 1214 1894 habebat

104 1926 221 2011 partim
249 1944 291 1986 ex
315 1921 522 1985 Artemidoro
545 1921 903 2007 Pseudoaristophaneo
933 1926 1092 2011 appellari
1119 1929 1213 1994 solito

107 2022 229 2112 (Rank.
240 2021 319 2084 Hes.
336 2024 458 2084 rue-9
471 2021 623 2085 Schneid.
636 2045 668 2107 p.
683 2023 749 2109 93),
769 2025 860 2086 cuius
881 2023 948 2087 fide
967 2027 1066 2088 etiam
1080 2026 1213 2111 Apollo·

104 2127 177 2189 nius
206 2121 375 2186 Chaeridis
404 2121 538 2185 affertur
568 2120 690 2206 Vespp.
717 2124 811 2204 1231,
840 2123 958 2208 partim
983 2144 1000 2186 e
1023 2125 1215 2189 Timachida

104 2224 230 2292 Rhodio
260 2222 367 2300 studia
395 2243 455 2286 sua
481 2222 524 2286 ad
546 2220 776 2306 Aristophanis
798 2222 979 2286 lonicorum
1001 2224 1215 2289 imitationem

104 2331 330 2410 componente,
362 2331 431 2386 tum
462 2344 479 2385 e
507 2321 654 2385 Diodoro
684 2320 924 2406 Aristophaneo
955 2322 1100 2409 (Thesm.
1125 2325 1213 2408 389),

105 2428 281 2513 deniquee
305 2422 491 2489 Callistrato
514 2424 599 2486 inter
613 2421 767 2507 Byzantii
791 2421 933 2486 asseclas
956 2422 1054 2487 facile
1072 2425 1215 2492 maxime

105 2517 296 2613 conspicuo;
318 2521 615 2588 Aristarcheae
634 2521 816 2586 sedulitatis
834 2523 1010 2607 imaginem
1024 2522 1087 2588 sibi
1103 2525 1214 2590 adum·

102 2629 211 2694 bravit
242 2627 383 2712 primum
410 2623 592 2688 Ammonio.
619 2623 793 2687 cathedrae
821 2623 980 2689 diadocho
1005 2646 1102 2705 usus,
1137 2626 1214 2690 dein

103 2726 293 2815 Apollonio,
328 2726 420 2788 cuius
449 2744 548 2808 supra
575 2723 722 2804 memini,
755 2724 852 2796 tertio
882 2723 1017 2790 Seleuco
1038 2725 1214 2790 Homerico

104 2832 150 2916 (v.
179 2824 297 2890 Philol.
330 2825 383 2888 ΙΠ
414 2847 446 2909 p.
475 2823 655 2909 436-59),
690 2831 853 2910 postremo
888 2815 1057 2890 Demetrio
1096 2827 1215 2891 Ixione

103 2930 352 3013 Adramytteno,
366 2945 462 3012 quem
471 2922 664 2988 Aristarcho
680 2925 862 2988 constantia
878 2945 1003 2988 summa
1015 2948 1112 2990 usum
1126 2926 1214 2992 oblo-

104 3039 213 3095 cutum
237 3049 308 3092 esse
328 3024 493 3113 proditum
512 3032 570 3088 est.
607 3023 637 3086 Ε
662 3022 792 3088 scholae
811 3024 1033 3108 Pergamenae
1054 3047 1214 3111 gramma-

103 3132 177 3196 ticis
200 3128 349 3194 adhibuit
371 3124 535 3190 Cratetem
552 3134 590 3190 et
615 3124 815 3188 Herodicum
840 3123 1044 3209 Orateteum,
1074 3127 1128 3191 vel
1147 3128 1214 3192 He·

104 3230 208 3299 rodici
239 3229 304 3292 fide
336 3225 513 3291 Mallotem.
548 3221 686 3306 Quibus
712 3225 843 3289 tertium
871 3225 957 3290 addo
978 3227 1215 3313 Apollodorum

104 3331 300 3396 Tarsensem
321 3328 441 3414 (Rann.
465 3327 559 3412 323),
583 3329 751 3413 egregium
769 3325 921 3410 lyticum,
945 3348 962 3389 e
984 3328 1098 3393 scholl.
1118 3331 1216 3394 etiam

103 3430 292 3516 Euripideis
314 3436 426 3494 notum
434 3426 469 3508 1).
503 3427 587 3492 Nam
611 3429 632 3492 l.
652 3428 673 3492 l.
697 3430 860 3510 integrum
882 3418 1060 3512 eDidymo
1080 3430 1217 3496 fluxisse

104 3533 203 3597 fidem
230 3529 311 3594 facit
337 3527 524 3614 Hesychius
555 3551 580 3592 s.
603 3553 636 3594 v.
668 3522 900 3609 Διαγόρας·
927 3521 1091 3607 ὃιόὸωρος
1116 3528 1161 3613 (h.
1187 3552 1214 3593 e.

101 3627 319 3713 Ἡλιόδωρος,
348 3651 431 3693 corr.
458 3623 722 3716 Ἀπολλόδωρος)
751 3621 769 3692 ὁ
796 3624 947 3709 Ταρσεύς
970 3620 1215 3708 ἀναγιγνώσκει

105 3733 279 3816 περισπῶν
300 3723 349 3794 δι’
373 3724 498 3813 ἀγορᾶς
519 3728 584 3795 uri.
607 3730 700 3811 Quae
721 3729 859 3814 Didymi
879 3728 985 3792 lexico
1008 3728 1130 3791 comico
1155 3729 1217 3790 ori·

104 3835 217 3918 ginem
239 3830 368 3894 debent.
390 3830 446 3894 Ex
468 3831 582 3896 eodem
599 3829 767 3916 Hesychio
790 3839 925 3915 apparet
947 3828 1085 3891 eliorum
1105 3827 1217 3890 trium·

106 3934 214 3997 virum
232 3932 421 3996 memoriam
435 3931 580 4017 Didymo
596 3931 718 4012 deberi,
739 3929 946 4014 Antigoni
964 3930 1097 4014 inquam
1121 3928 1162 4012 (s.
1182 3948 1215 3989 v.

174 4167 203 4231 1)
227 4173 289 4222 Hoc
313 4172 406 4224 nescio
435 4157 483 4222 cur
506 4171 700 4231 Schneiderus,
729 4169 777 4234 qui
798 4185 827 4233 p.
851 4167 886 4219 90
912 4167 971 4232 ipse
995 4162 1101 4227 attulit,
1131 4179 1157 4231 p.
1183 4164 1219 4215 94
1262 4205 1264 4210 ,

101 4257 260 4324 neglexerit.
