2866 4882
217 361 279 424 332

216 529 263 592 sic
289 527 411 612 scripta
437 523 570 611 reliquit
598 523 826 590 Marcellinus:
856 561 899 572 -
927 517 1164 608 άτέγγονος
1191 520 1230 586 δὲ
1266 526 1337 587 ’τοῖν

215 622 497 710 εὐδοκιμωτάτων
523 628 738 709 στρατηγῶν,
771 623 857 706 λέγω
879 619 921 708 δὴ
947 627 1016 690 τοῖν
1037 620 1113 707 περὶ
1136 620 1335 708 Μιλτιάδην

214 730 269 796 καὶ
292 731 447 812 Κίμωνα·
486 722 685 815 (ἀνέφερε
717 724 760 791 δὲ
795 727 852 803 είς
891 721 1051 792 Αίααόν
1087 723 1131 791 τὸ
1177 727 1335 814 γένος)·

215 828 360 922 ᾠκείωτο
380 824 454 914 γάρ
478 828 515 892 ἐκ
538 831 684 894 παλαιοῦ
708 824 771 916 (λά
779 828 871 915 γον)
891 831 938 916 τῷ
960 827 1050 912 γένει
1075 824 1160 910 πρὸς
1182 825 1336 894 Μιλτιά-

215 937 279 1017 δην
300 929 361 997 τόν
382 926 583 1014 στρατηγόν,
605 932 653 1016 τῷ
672 925 708 995 δὲ
722 926 894 1015 Μιλτιάδη
913 925 999 1012 πρὸς
1020 924 1150 995 Αἰακὸν
1161 925 1225 994 τὰν
1236 928 1334 1008 Διός.

215 1031 324 1112 οὕτως
345 1027 444 1116 αὐχεῖ
460 1030 497 1096 τό
518 1031 616 1116 γένος
641 1025 659 1096 ὁ
688 1026 907 1113 συγγραφεὺς
928 1026 1076 1100 άνωθιν.
1120 1031 1177 1097 καὶ
1197 1029 1337 1112 τούτοις

215 1138 402 1219 Δίδυμος
424 1143 596 1218 μαρτυρεῖ.

300 1254 452 1319 Recurrit
474 1253 607 1340 quidem
626 1253 659 1318 in
682 1252 743 1316 hac
766 1274 895 1339 quoque
917 1252 980 1317 loci
1001 1254 1209 1318 restitutione
1233 1255 1336 1318 inusi-

213 1366 282 1423 tata
300 1355 368 1439 illa,
392 1377 490 1442 quem
508 1352 604 1418 modo
630 1353 724 1418 furca
747 1356 942 1441 expulimus,
961 1355 1160 1421 constructio
1183 1350 1335 1442 ᾠκείωτο

215 1455 300 1543 πρός
327 1479 417 1539 τινα,
446 1456 505 1521 sed
533 1454 673 1519 fortasse
698 1476 737 1518 ea
766 1454 959 1519 Marcellino
987 1457 1136 1542 scriptori
1169 1460 1335 1545 sequioris

214 1562 330 1626 aetatis
357 1556 574 1625 condonanda
599 1555 676 1638 erit3
704 1577 763 1620 nos
784 1554 846 1620 hoc
869 1559 904 1620 in
930 1557 1022 1621 lucro
1044 1559 1213 1644 ponimus,
1244 1560 1334 1646 quod

213 1661 374 1750 particula
392 1657 457 1742 γάρ
477 1665 552 1745 post
574 1649 719 1744 piaclum
742 1656 851 1741 obvia,
875 1681 894 1722 a
915 1658 1051 1743 vulgata
1073 1659 1214 1724 lectione
1237 1661 1273 1724 in
1296 1662 1336 1725 δέ

214 1762 402 1843 emendata,
430 1781 497 1824 non
522 1758 661 1845 amplius
690 1759 885 1824 sententiam
911 1761 1115 1849 pessumdat,
1143 1769 1214 1825 tum
1242 1761 1333 1848 quod

214 1863 251 1929 ἐκ
272 1865 417 1928 ταλαιοῦ
439 1860 544 1945 λόγου
565 1863 722 1948 optimum
741 1883 873 1925 sensum
892 1861 1038 1949 praebet,
1060 1871 1226 1950 postremo
1242 1863 1333 1948 quod

212 1965 377 2051 Didymus
410 1972 522 2028 noster
554 1961 643 2025 haud
675 1961 771 2048 plura
798 1964 973 2028 contestari
996 1964 1144 2046 videtur,
1168 1986 1268 2049 quam
1296 1986 1333 2028 re

213 2089 293 2132 vera
315 2074 515 2130 contestatus
539 2072 598 2147 est,
621 2062 735 2145 Aeaci,
757 2065 900 2150 inquam,
915 2065 1140 2153 Miltiadisque
1162 2064 1332 2149 cognatio·

212 2193 298 2235 nem.
345 2168 398 2232 En
420 2167 482 2234 tibi
502 2166 697 2254 promissam
719 2163 923 2252 Thucydidis
946 2168 1183 2252 genealogiam.

457 2288 602 2339 OLORUS

383 2376 520 2428 Thraciae
541 2374 651 2440 regulus
831 2374 948 2428 CIMON

414 2442 646 2567 nnonirrrnn
788 2443 992 2592 umrinnus
1073 2530 1141 2564 uxor
1159 2514 1297 2565 Miltiauis

320 2606 421 2666 ,nupta
438 2601 557 2652 Miltiadi
576 2617 602 2653 a.
620 2602 672 2652 515
691 2597 729 2664 (2)
1109 2599 1204 2649 Attica
1225 2597 1263 2664 (l)

212 2774 456 2824 civisHelirnusius
519 2774 650 2824 filianatu
663 2775 750 2824 maior
773 2773 869 2824 Cimon
915 2773 1041 2838 Elpinice
1075 2769 1230 2822 Metiochus

544 2857 663 2910 παιδίον
677 2863 729 2911 514
764 2862 903 2914 natus504

212 3032 447 3082 filiusnatumaior
511 3032 610 3083 Olorus
673 3034 926 3101 tHegesipyler
963 3033 1328 3101 filia‚uxorT,hucydidis

472 3115 563 3181 (natus
582 3119 644 3185 490)
1080 3121 1212 3172 Melesiae

545 3254 767 3320 Thucydides
1100 3261 1230 3312 Melesias

565 3345 646 3389 natus
664 3341 741 3408 aton
1025 3343 1135 3410 (Athen.
1154 3349 1194 3400 XI
1215 3365 1242 3414 p.
1263 3351 1327 3416 506)

471 3423 648 3512 Fisndtheus
749 3419 806 3512 tilia

297 3557 392 3637 Quod
415 3560 552 3644 'quidem
579 3569 717 3625 stemma
743 3564 947 3628 accuratiore
970 3564 1110 3650 quadam
1133 3567 1328 3656 interpreta-

210 3659 299 3722 tione
320 3660 379 3723 vix
397 3669 481 3744 eget
527 3661 732 3750 Thucydidis
759 3664 936 3729 Halimusii
970 3674 1064 3752 peter
1086 3668 1211 3753 etipse
1234 3668 1328 3733 Hali-

210 3762 335 3826 musius
368 3760 468 3827 fuerit
499 3786 635 3828 necesse
667 3774 725 3831 est.
781 3765 847 3845 Qui
878 3759 952 3830 cum
987 3789 1007 3830 a
1029 3790 1152 3853 proavo
1183 3769 1326 3837 Thracio

210 3862 304 3927 Olori
330 3885 449 3928 nomen
476 3867 655 3950 acceperit,
681 3867 755 3932 fieri
779 3868 891 3953 nequit
921 3877 958 3933 ut
985 3869 1072 3934 filius
1106 3879 1186 3934 natu
1220 3874 1326 3936 maxi-

209 3987 282 4029 mus
305 3965 419 4046 fuerit,
447 3965 505 4029 sed
533 3965 657 4052 absque
685 3968 784 4033 dubio
810 3968 946 4034 fratrem
976 3972 1140 4058 quendam
1166 3975 1325 4038 maiorem

208 4065 341 4148 habuit,
372 4066 465 4130 cuius
487 4067 619 4152 quidem
641 4069 925 4148 nomenAtticum
954 4073 1152 4156 ignoramus.
1198 4073 1264 4138 Per
1289 4097 1324 4140 se

207 4175 297 4249 patet
319 4176 446 4252 patrem
473 4167 569 4232 huius
589 4168 682 4234 Olori
709 4170 898 4255 indigenam
919 4172 1155 4243 Atheniensem
1180 4198 1198 4239 e
1228 4177 1325 4242 demo

208 4264 397 4332 Halimuute
418 4268 539 4351 fuisse,
565 4269 617 4333 cui
641 4269 730 4335 haud
751 4272 818 4336 scio
845 4293 887 4336 an
910 4265 1114 4360 Thucydidis
1137 4275 1200 4368 vel
1213 4275 1325 4343 Timo-
