2894 4890
1182 380 1243 443 227

129 558 236 624 φασιν
258 538 294 605 ἐκ
317 541 375 622 τῆς
388 543 523 617 Πυθίας
543 534 630 623 ὑπὲρ
651 535 711 603 τόν
732 536 860 604 πόντον
874 537 1076 624 διεκόμισεν.
1105 543 1241 610 ἐλθόντι

128 635 193 722 γάρ
222 633 314 726 αὐτῷ
342 642 388 717 εἰς
415 636 575 723 Δελφούς
601 639 655 704 καὶ
677 641 847 728 χρωμένῳ,
876 645 947 720 πῶς
974 637 1239 729 ἀποκαταστήσει

49 745 53 754 ’
125 737 189 823 τὴν
212 740 343 824 φωνήν,
367 747 603 826 παραλιποῦσα
622 738 658 807 τό
679 741 850 827 ἐρωτηθὲν
872 742 1048 809 ἐκέλευσεν
1069 740 1160 833 αὐτῷ
1176 745 1240 813 πό-

125 849 181 907 λιν
204 845 326 920 κτίζειν
346 843 399 908 ἐπὶ
421 849 479 927 τῆς
494 841 633 929 Λιβύης.
658 849 817 911 τοιοῦτον
839 836 903 910 οὖν
925 847 993 912 ἐστι
1015 844 1052 910 τό
1069 852 1239 929 εχλοῖσσαν

127 943 201 1008 ἐπεί
213 962 297 1028 σφιν
312 942 514 1031 ἀπέκτονεν’,
536 947 607 1012 ἐπεὶ
625 942 685 1012 τόν
707 943 857 1032 χρησμόν
872 944 1051 1031 διεκόμισε.
1075 945 1159 1014 κατά
1175 946 1239 1032 γάρ

126 1041 186 1110 τὸν
215 1041 366 1130 χρησμὸν
395 1049 588 1133 διεβίβασεν
616 1043 718 1132 ὄχλον
750 1051 805 1114 καί
834 1049 944 1114 ἔκτισε
973 1044 1035 1132 τὴν
1064 1048 1238 1134 Κυρήνην.

127 1148 258 1230 ἔφυγον
281 1147 318 1212 δὲ
340 1149 374 1212 οί
393 1148 526 1228 λέοντες
548 1147 758 1234 φοβηθέντες
779 1146 816 1213 τδ
841 1154 988 1235 πλῆθος,
1019 1145 1061 1215 οὐ
1083 1148 1145 1235 την
1165 1176 1239 1236 φω-

127 1244 191 1332 νην
213 1252 276 1314 τοῦ
295 1249 434 1316 Βάττου.
457 1252 492 1316 οἰ
511 1247 549 1317 δέ
567 1245 604 1316 τό
628 1253 798 1333 εχλωσσαν
821 1257 905 1318 κτλ.’
943 1252 975 1316 V
989 1254 1039 1316 80.
1062 1253 1238 1319 καὶτοῦτο

127 1347 234 1438 ἐαυτῷ
263 1351 424 1439 συνᾴδων
456 1348 474 1416 ὁ
504 1355 692 1434 Δίδυμος
725 1346 832 1430 οὕτως
864 1347 1086 1418 ἀποδίδωσιν·
1123 1353 1193 1418 ἐπεὶ
1219 1350 1237 1418 ὁ

123 1448 295 1518 Ἀπόλλων
317 1456 457 1539 ἔχρησεν
477 1460 600 1522 οἰκίσαι
621 1451 684 1538 τὴν
698 1454 873 1540 Κυρήνην,
896 1462 1000 1534 αἰτιος
1022 1456 1153 1539 ἐγένετο
1176 1462 1239 1522 τοῦ

126 1566 249 1640 φυγεῖν
276 1555 356 1634 τούς
382 1563 501 1643 θῆρας.
545 1558 751 1640 οἰκιζομένης
774 1554 838 1642 γάρ
862 1563 920 1642 τῆς
943 1555 1071 1636 πόλεως
1093 1561 1234 1644 ἔφυγον.

85 1651 92 1659 ’
125 1653 298 1740 μενόντων
319 1659 355 1723 δέ
377 1663 445 1724 τοῖν
467 1663 600 1744 θηρίων
626 1655 689 1723 οὐκ
715 1652 757 1724 dv
780 1654 910 1748 ᾠκίσθη
929 1655 949 1744 ίχ
971 1655 1124 1744 Κυρήνη.

208 1760 345 1846 Didymi
363 1762 664 1848 interpretationem
686 1761 820 1848 depellit
847 1762 1031 1827 Aristarchi
1057 1766 1237 1829 sententiae

125 1862 275 1926 addictus
298 1862 444 1926 Boeokh.
470 1861 557 1949 expl.
581 1861 676 1926 Pind.
700 1885 732 1948 p.
756 1864 829 1926 288.

628 2014 630 2017 ·
650 1999 701 2059 27.

210 2115 318 2181 Sohol.
347 2114 444 2201 Pyth.
468 2140 487 2193 ς
510 2118 550 2180 35
584 2114 835 2178 Μεσσανίου
865 2110 908 2177 δὲ
940 2113 1160 2197 φέροντος·
1193 2156 1236 2167 -

125 2216 221 2286 δοκεῖ
236 2213 273 2281 δὲ
295 2219 340 2302 τῷ
357 2213 528 2302 Διδάμφ
551 2214 588 2279 ἐκ
610 2215 667 2295 τῆς
687 2216 917 2295 Τριφνλιακῆς
937 2212 1058 2279 Πύλου
1077 2210 1162 2280 εἰναι
1176 2212 1236 2281 τὸν

125 2317 297 2402 Νέστορα,
318 2319 403 2383 ἔνθα
425 2316 481 2381 καὶ
495 2310 673 2401 Ἀμαθόεις
694 2313 763 2378 ἐστὶ
782 2310 929 2398 ποταμὸς
951 2310 1203 2401 καθ’Ὅμηρον.

212 2419 374 2485 ‘Pindaro
400 2419 519 2484 Nestor
546 2440 612 2483 non
641 2439 683 2481 ex
704 2415 916 2502 Triphyliaoa
942 2417 1025 2504 Pylo
1054 2426 1119 2502 est,
1152 2442 1235 2506 quae

125 2521 261 2586 Homeri
283 2521 446 2585 sententia
466 2529 553 2584 recte
572 2518 710 2582 habetur
728 2539 748 2580 a
764 2515 923 2581 Strabone
939 2527 972 2582 et
986 2519 1131 2606 Didymo
1147 2523 1234 2607 apud

125 2621 226 2686 schol.
255 2622 287 2685 h.
317 2620 339 2684 l.
370 2620 513 2685 Pindaro
542 2620 748 2684 consentiunt
779 2617 837 2681 alii
866 2627 899 2681 et
929 2620 964 2682 in
996 2621 1036 2684 iis
1064 2621 1129 2706 ipsi
1158 2620 1233 2706 Pyli

124 2723 347 2786 Messeniacae
377 2720 503 2785 incolae
531 2743 583 2808 ap.
608 2721 706 2786 Pauo.
734 2718 788 2783 III
811 2721 861 2800 26,
885 2723 904 2783 6
936 2719 985 2783 IV
1007 2724 1047 2785 36
1071 2729 1102 2784 et
1121 2721 1232 2806 plures

123 2825 352 2912 antiquiorum,
375 2844 456 2909 quos
479 2825 625 2887 nominat
643 2820 792 2886 Mueller.
812 2818 964 2883 Orchom.
987 2843 1019 2906 p.
1044 2824 1116 2904 365,
1136 2821 1233 2884 etiam

124 2924 221 2988 Ovid.
241 2925 373 2988 Metam.
396 2923 466 2988 XII
489 2927 580 2990 549.’
602 2921 749 2987 Boeokh.
774 2920 860 3007 expl.
881 2921 976 2986 Pind.
1000 2945 1032 3008 p.
1056 2923 1128 2985 299.
1230 2937 1233 2944 “

651 3057 702 3120 28.

211 3173 319 3238 Schol.
339 3173 435 3260 Pyth.
452 3171 518 3238 VH
534 3177 554 3236 4
568 3196 601 3260 p.
619 3175 681 3238 392
714 3172 803 3238 ἐπεὶ
825 3176 916 3238 τίνα
935 3168 1051 3238 οἰκον
1076 3172 1228 3262 [ναίων]

124 3269 405 3358 όνυμάξομαι·
428 3274 519 3350 ἰδίως
542 3271 579 3338 δὲ
601 3269 638 3338 τό
662 3277 768 3339 ναίων
785 3278 1014 3359 παρείληπται.
1039 3270 1124 3341 ὅθεν
1138 3273 1233 3352 τινὲς

123 3374 294 3460 γράφουσι
317 3378 505 3440 ναίοντα.
527 3371 622 3441 άλλοι
645 3374 682 3440 δὲ
704 3375 897 3461 γράφουσιν
921 3372 1038 3442 οἰκον
1057 3372 1088 3441 τ’
1108 3371 1230 3461 άίων,

124 3472 142 3541 ό
165 3477 256 3543 ἐστιν
278 3474 424 3561 άκοάων,
445 3471 669 3561 ἀφαιροῦντες
687 3474 724 3542 τὸ
745 3502 780 3542 ν·
805 3476 912 3562 ἕτεροι
935 3474 972 3542 δὲ
995 3475 1097 3542 πάλιν
1113 3475 1150 3540 τό
1170 3478 1232 3560 μὲν

123 3604 144 3643 ν
165 3585 316 3665 αἰρονσι,
340 3577 400 3644 τὸν
423 3579 459 3644 δὲ
478 3577 580 3644 τόνον
602 3574 691 3644 οὕτω
712 3579 958 3664 προφέρονται,
982 3572 1110 3662 αἰῶν’,
1142 3573 1187 3642 ἵν’
1210 3567 1232 3663 ᾖ

124 3678 315 3766 συναλοιφὴ
338 3677 412 3746 άντί
433 3685 496 3745 τοῦ
519 3684 633 3765 αἰῶνι,
656 3673 730 3746 οἷον
752 3685 798 3768 τῷ
820 3683 917 3745 atam
939 3674 1164 3760 όνυμάξομαι,
1184 3681 1232 3764 τῷ

124 3785 221 3848 αἰωνι
239 3779 572 3867 παρακαταθήσομαι.
596 3777 664 3848 όδέ
677 3785 865 3865 Δίδυμος
886 3775 1230 3868 (Gott'Amttdmog,

123 3890 207 3948 mira
228 3886 387 3968 varietaa3
413 3884 562 3949 fortassis
584 3885 647 3970 leg.
672 3885 823 3967 Δίδυμος
842 3876 1082 3966 Ἀπολλωνίου)
1103 3872 1233 3943 ἁπλού-

123 4003 245 4070 στερον
267 3978 401 4050 άκούει·
437 3981 538 4063 αὐτὸς
566 3981 630 4068 ἐγώ
652 3989 758 4050 ναίων
780 3985 817 4048 ἐν
839 3987 879 4070 τῇ
896 3977 1045 4064 Ἑλλάδι,
1074 3975 1148 4044 άντὶ
1169 3980 1232 4042 τοῦ

123 4089 238 4151 οἰκιὸν.
261 4089 336 4152 τίνα
359 4087 622 4170 ἐπιφανέστερον
644 4082 739 4152 οἰκον
760 4080 969 4168 όνυμάξομαι
993 4077 1057 4146 οὐκ
1078 4081 1111 4158 ἐξ
1130 4075 1231 4161 ἀκοῆς

123 4183 294 4271 ἀκηκοώς,
316 4181 391 4252 ἄλλ’
416 4180 518 4265 αὐτὸς
540 4184 733 4271 ἐχιδναίων
754 4187 791 4250 ἐν
811 4189 850 4272 τῇ
864 4179 997 4249 Ἑλλάδι
1016 4186 1090 4246 τίνα
1112 4181 1232 4244 δυναί-

122 4310 191 4370 μην
212 4282 288 4352 άντ’
313 4283 415 4372 αὐτῆς
437 4288 704 4373 ἐπιφανεστέραν
725 4283 898 4369 ὀνομάσαι.
949 4329 951 4334 ε

869 4411 871 4415 ·
961 4381 1022 4441 15*
