2752 4890
520 355 717 428 ,χ-

152 531 224 592 229.
271 523 460 612 Ζηνόδοτος
485 522 539 588 καὶ
559 518 800 608 Ἀριστοφάνης
828 523 869 603 ές
897 523 1057 590 πόντον
1078 524 1178 614 έβη-

63 648 172 696 σετο.
191 629 245 694 καί
263 626 391 714 μήποτε
412 621 562 710 άμεινον.
588 625 629 692 A.
1060 697 1062 704 ¹

150 734 222 796 235.
244 732 451 812 Αρίσταρχος
468 725 593 812 χάριν
614 727 752 794 εἰδέω·
772 728 809 792 αί
824 725 860 792 δέ
877 724 1042 812 δημιόδεις
1058 731 1177 795 εἰδέω

63 831 199 917 χάριν.
223 833 265 897 Α.
803 828 806 834 ’
1047 869 1048 872 ·

129 937 221 1000 236.
243 925 368 1009 οὕτως·
389 926 456 997 ὑπ’
482 925 667 1014 ὀφρύσιν
689 923 936 1017 ἡἈριστάρχου
955 930 1010 996 καὶ
1028 925 1178 1018 Ἀριστο-

63 1034 206 1118 φάνους,
225 1036 281 1100 ’ίνα
303 1022 324 1120 ᾖ
347 1029 386 1096 τά
405 1027 472 1097 ὑπὸ
494 1043 562 1110 τοῖς
581 1028 718 1117 όφρόσι.
740 1027 930 1116 Ζηνόδοτος
952 1027 1013 1098 ἐπ’
1038 1029 1174 1117 ὀφρύσι.

62 1138 104 1202 Α.
128 1138 257 1203 Deinde
273 1136 427 1202 Nicanor.
674 1145 676 1154 '
814 1195 819 1206 .

149 1241 221 1302 249.
236 1233 344 1314 οὕτως
355 1230 423 1302 κατ’
439 1231 589 1321 εὐθεῖαν,
599 1231 698 1302 ἄλλο
711 1232 779 1319 τεή
794 1233 877 1322 (καὶ)
885 1229 1094 1321 Ἀρίσταρχος
1109 1237 1175 1327 [καὶ

56 1333 288 1428 Ἡρφδιανός.]
319 1340 362 1405 A.
388 1339 512 1404 Inclusi
535 1361 617 1426 quae
632 1338 752 1425 partim
768 1338 876 1402 aliena
892 1347 983 1421 sunt,
1006 1347 1043 1403 ut
1056 1343 1090 1404 Κ
1101 1343 1174 1404 546.

149 1444 221 1505 255.
246 1442 329 1506 ένιοι
352 1437 408 1506 διά
424 1444 493 1505 τῶν
515 1438 578 1505 δόο
602 1463 639 1504 οο
664 1436 834 1524 γράφουσι
858 1446 892 1505 K
897 1436 915 1505 ό
923 1463 984 1504 ον·
1004 1439 1059 1505 καὶ
1081 1444 1174 1506 Καλ-

62 1543 235 1622 λίστρατος
260 1542 481 1630 [Καλλίμαχος
504 1542 558 1632 V.]
584 1543 621 1607 έν
643 1553 711 1620 τοῖς
734 1543 978 1626 διορδωτιιιοϊς.
1002 1542 1076 1609 AV.

147 1647 219 1708 259.
258 1639 366 1722 οὕτως
388 1646 425 1710 έν
448 1641 569 1720 πάσαις
597 1641 812 1728 δμήτειρα.
843 1638 1085 1730 Ἀριστοφάνης
1119 1643 1174 1710 καὶ

63 1741 251 1829 Ζηνόδοτος
272 1745 459 1831 μήτειρα.
489 1747 530 1810 A.

147 1851 219 1912 285.
257 1843 496 1914 ὑπεσείετο·
516 1843 726 1934 Ἀρίσταρχος
748 1842 828 1931 ὑπό,
852 1842 921 1913 εἶτα
936 1852 1089 1934 σείετο,
1110 1845 1171 1915 Ἰα-

63 1951 137 2026 κοδς.
178 1942 286 2027 οὕτως
306 1950 362 2017 καὶ
383 1949 573 2036 Ζηνόδοτος
595 1951 650 2017 καὶ
668 1946 920 2036 Ἀριστοφάνης.
943 1951 985 2017 A.

147 2053 219 2115 295.
241 2055 329 2135 πρά
337 2049 383 2117 τό
391 2075 412 2116 ν
435 2074 524 2136 περ·
547 2048 656 2132 οὕτως
668 2049 889 2139 Ἀρίσταρχος,
912 2049 1007 2120 άίίοι
1027 2048 1063 2118 δέ
1079 2050 1173 2138 πριό-

62 2168 184 2216 τιστον.
207 2152 249 2217 A.
1222 2159 1223 2162 ’

146 2256 218 2318 299.
254 2259 335 2320 τεόν
356 2250 388 2320 κ’
410 2255 619 2341 ἐπιβαίης·
642 2253 832 2340 Ζηνόδοτος
852 2257 906 2322 καί
927 2250 1173 2340 Ἀριστοφάνης

57 2357 121 2434 ἔξω
141 2357 204 2420 τοῦ
225 2355 270 2421 κέ
289 2357 482 2441 συνδέσμου
506 2362 586 2424 τῶν
605 2359 810 2443 ἐπιβαίης.
837 2359 878 2423 Α.

147 2453 295 2524 3944-6.
320 2497 362 2507 -
381 2454 568 2543 ἠθετοῦντο
591 2454 681 2544 παρά
704 2457 893 2550 Ζηνοδότφ.
915 2460 957 2526 Α.
991 2459 1170 2526 Duentzer.

53 2559 183 2624 Zenod.
206 2583 238 2644 p.
262 2563 292 2624 5.

145 2665 218 2727 319.
241 2661 478 2747 μετέπειτα·
502 2659 691 2749 Ζηνόδοτος
713 2665 768 2730 καὶ
786 2658 1030 2749 Ἀριστοφάνης
1051 2662 1171 2749 μετό-

52 2770 196 2829 πισθε.
219 2765 262 2829 A.

142 2868 213 2930 316.
247 2869 598 2952 περιπροχοδείς·
622 2853 787 2954 περισσῶς
809 2871 933 2952 χνθείς.
967 2863 985 2934 ὁ
1009 2865 1046 2934 δέ
1066 2864 1171 2948 Ἰξίων

52 2966 182 3054 γράφει
204 2971 515 3052 περιπλεχθείς.
536 2969 577 3033 Α.
851 3053 853 3056 Ι

144 3073 301 3135 317-27.
325 3069 380 3134 καὶ
401 3064 642 3156 Ἀριστοφάνης
665 3071 854 3157 προηδέτει.
878 3074 920 3138 A.
984 3157 987 3164 μ

141 3167 213 3236 322.
233 3165 445 3256 Ἀρίσταρχος
466 3167 869 3265 Mt‘vmv['.⁴1muo33V.]
894 3170 959 3240 σὺν
978 3179 1025 3264 τῷ
1045 3200 1076 3262 ν,
1101 3181 1169 3264 Ζη-

53 3271 200 3351 νόδοτος
220 3273 320 3356 χωρὶς
341 3276 403 3338 τοῦ
428 3297 457 3337 ν.
482 3275 524 3340 Α.

141 3379 225 3462 349.
246 3371 436 3457 Ζηνόδοτος
458 3375 513 3441 καὶ
533 3369 775 3461 Ἀριστοφάνης
796 3377 891 3445 ἐπεί
913 3377 963 3445 νό
985 3405 1047 3447 τοι
1071 3378 1170 3449 εόα·

51 3479 75 3542 δ
83 3500 128 3542 εν
152 3471 294 3560 εὐνήν.
317 3476 359 3540 A.

98 3662 103 3671 Ι
140 3580 212 3643 349.
236 3572 346 3656 οὕτως
361 3572 573 3664 Ἀρίσταρχος
592 3581 711 3664 ἔεργε
730 3578 791 3646 τόν
809 3587 877 3648 Δία
899 3582 953 3648 καὶ
975 3579 1166 3672 τηνἫραν.

53 3679 92 3745 έν
127 3682 166 3744 δέ
197 3696 287 3746 τισιν
315 3675 515 3766 ἄειρεκαὶ
544 3684 665 3765 έερπε
688 3677 752 3762 διά
767 3688 829 3748 τοῦ
847 3707 884 3750 π.
922 3688 960 3750 έν
982 3685 1018 3751 δὲ
1040 3690 1080 3774 τῇ
1101 3692 1167 3776 Χία

51 3783 185 3847 ἵκανε.
205 3779 411 3866 Ζηνόδοτος·
431 3777 485 3848 ἵν’
510 3779 587 3850 άπὸ
610 3780 766 3868 χθονός
791 3782 1069 3872 άμιιαζέσδην.
1092 3790 1135 3855 A.

142 3887 213 3950 351.
237 3879 490 3951 άπέπιπτον·
515 3885 704 3970 Ζηνόδοτος
725 3887 971 3955 ἐπέπιπτον.
997 3892 1039 3955 A.

142 3989 213 4051 376.
244 3989 329 4073 ἔχη·
350 3981 560 4073 Ἀρίσταρχος
581 3983 637 4054 διά
658 3991 716 4072 τῆς
735 4013 764 4054 ει
786 3990 980 4075 διφθόχγον
1002 3993 1095 4074 ἔχει.
1119 3993 1161 4058 Α.

136 4087 216 4153 ibid.
239 4086 494 4174 -Ζηνόδοτος
518 4089 554 4154 δὲ
578 4092 769 4174 προηθέτει.
790 4093 832 4156 A.

139 4193 210 4255 382.
317 4193 390 4258 ένια
414 4189 450 4258 δέ
471 4198 539 4257 τιόν
561 4187 812 4277 ὑπομνημάτων
840 4195 976 4257 δοῐκεν
1002 4186 1078 4258 ἀντὶ
1099 4199 1161 4260 τοῦ

53 4289 214 4358 δόσκεν.
244 4293 300 4358 καὶ
322 4295 414 4360 ἔστιν
436 4287 716 4382 εόφραδέστερον.
738 4296 779 4359 A.
797 4294 868 4380 (L.)
946 4329 949 4338 ‹
