2752 4890
115 333 157 396 911

112 522 179 582 ρος,
210 511 268 583 (ex
290 497 417 562 emend.
436 497 548 582 Voss.)
579 490 621 561 dv
651 491 840 581 ὁἈλφειὸς
869 495 931 583 τὴν
950 495 1123 585 Ἀρκάιλων
1148 505 1226 591 (em.

110 601 269 686 Meinck.)
304 595 591 685 παραμειβόμενος
616 595 711 684 [κατὰ
739 600 832 667 addit
852 603 911 685 Ml
947 597 1005 680 τὰς
1042 605 1226 689 λεγομένας

112 696 243 786 γλυφὰς
266 701 439 784 διέρχεται.
463 702 497 764 ol
517 699 553 764 dl
578 699 653 784 περὶ
676 704 833 786 Δίδυμον
875 703 936 790 (sic
958 703 1145 768 Meinekius
1168 729 1227 794 pro

111 827 148 868 eo
164 801 250 890 quod
269 801 377 865 editur
392 797 555 886 ποταμόν)
581 805 768 888 Νυμφαῖον
791 799 839 890 (d'
855 803 942 869 delet
953 805 1002 890 M)
1024 799 1102 888 ὅρος
1119 801 1227 872 ἀκού-

112 922 212 969 ουσιν
235 903 348 990 (vulgo
371 897 502 987 ἀκούει)
524 901 561 971 cd
586 905 660 988 περὶ
685 902 745 990 τὴν
764 900 950 990 Ἀρκαδίαν.
997 907 1111 995 Neque
1133 907 1225 974 dubi-

110 1016 158 1071 tat
181 1005 251 1088 ille,
281 1005 360 1092 quin
380 1027 423 1069 ex
444 1029 481 1070 eo
505 1005 641 1094 Didymi
663 1006 753 1072 libro
769 1009 871 1094 petita
894 1008 968 1090 sint,
990 1029 1087 1097 quem
1110 1021 1225 1076 contra

111 1110 217 1194 ipsum
246 1108 359 1172 Ionem
386 1108 556 1195 scripsisse
578 1119 724 1175 nostrum
746 1133 789 1176 ex
809 1109 929 1175 Athen.
952 1111 1037 1192 XIV
1061 1134 1093 1198 p.
1118 1113 1223 1178 6th

109 1209 279 1297 probabile
308 1211 360 1274 sit.
404 1212 450 1274 At
476 1211 662 1300 Hesychius
688 1233 793 1300 neque
822 1211 958 1300 Didymi
989 1208 1225 1296 ἀντεξηγήσεις
1318 1213 1320 1216 ’

111 1315 144 1377 in
166 1322 275 1400 partes
303 1313 444 1394 vocavit,
465 1334 570 1399 neque
593 1314 627 1376 in
650 1336 687 1378 eo
707 1314 866 1401 peccavit,
889 1315 974 1402 quod
999 1312 1151 1400 ποταμόν
1165 1338 1224 1404 pro

111 1417 268 1499 Δίδυμον
291 1413 458 1479 scriberet.
489 1414 737 1480 Commentariis
761 1415 846 1479 enim
865 1413 1039 1503 Didymeis
1059 1418 1133 1505 quis
1156 1439 1223 1481 cre·

111 1515 166 1579 dat
188 1515 430 1601 Diogenianum
460 1539 556 1581 usum
582 1538 669 1599 esse,
703 1538 783 1604 quos
804 1518 874 1603 ipse
899 1526 1012 1582 auctor
1033 1519 1068 1582 in
1088 1517 1224 1583 brevius

111 1627 294 1683 contractos
324 1619 357 1682 in
382 1618 490 1684 lexica
516 1621 675 1705 tragicum
699 1620 921 1706 comicumque
945 1621 1223 1709 constipavissct?

112 1717 271 1802 Ποταμόν
293 1743 371 1785 vero
393 1731 429 1784 ut
453 1721 582 1804 falsum,
604 1724 651 1786 ita
672 1720 861 1785 verisimilis
886 1729 935 1785 est
953 1723 1137 1788 emendatio
1151 1728 1223 1790 Πο-

110 1823 253 1905 λέμωνα.
297 1822 444 1887 Accedat
475 1822 536 1888 hoc
578 1823 796 1908 fragmentum
830 1823 1001 1888 Arcadicis
1034 1811 1222 1890 Polemonis

110 1925 317 2010 Periegetae,
353 1948 448 2012 quem
478 1926 670 2012 saepissime
692 1924 856 2012 Didymus
889 1934 1079 1990 antestatu'r.
1135 1925 1223 1992 Huic

110 2028 211 2112 igitur
233 2049 298 2092 non
320 2036 484 2114 postrema
502 2036 628 2098 tantum
650 2027 752 2092 verba
767 2026 825 2091 sed
845 2028 1031 2093 universam
1046 2028 1222 2096 verborum

110 2129 199 2194 Ionis
222 2129 472 2216 explicationem
498 2130 596 2195 debet
617 2128 815 2218 Hesychius.

196 2231 288 2314 Quae
309 2255 382 2296 cum
409 2232 455 2296 ita
475 2234 555 2315 sint,
579 2255 645 2298 non
667 2232 780 2297 dubito
802 2232 881 2320 quin
903 2231 1020 2318 reliqui
1038 2234 1136 2300 etiam
1158 2234 1222 2298 He-

110 2335 216 2422 sychii
235 2327 308 2417 loci,
333 2336 367 2398 in
389 2334 507 2421 quibus
523 2334 613 2400 Ionis
636 2333 798 2401 vocabula
815 2333 1029 2422 explicantur,
1053 2333 1223 2424 eDidymi

109 2438 205 2526 ¹quasi
226 2435 371 2503 fontibus
393 2435 615 2502 ebulliverint.

641 2608 689 2669 12.

194 2744 300 2809 Venio
322 2744 364 2810 ad
389 2742 497 2808 locum
520 2740 708 2828 gravissimi
729 2741 893 2822 momenti,
915 2763 1010 2828 quem
1027 2742 1154 2808 tamdiu
1169 2766 1222 2808 ne·

110 2848 252 2934 glectum
269 2847 415 2934 jacuisse
436 2846 575 2912 mireris.

198 2948 306 3015 Schol.
334 2950 375 3014 ad
400 2949 498 3036 Soph.
516 2947 669 3012 Trachin.
690 2947 765 3010 1161
791 2937 897 3027 Ἐμοὶ
920 2939 996 3027 γὰρ
1018 2936 1065 3026 ἦν
1089 2945 1222 3027 πρόσ-

111 3051 288 3136 φαντον)
305 3047 689 3136 Προσμεμαντενμένον,1
708 3045 951 3130 προειρημένον
968 3040 1034 3111 ὑπὸ
1051 3052 1113 3110 τοῦ
1126 3048 1221 3128 Διός.

114 3148 213 3219 Οὕτω
243 3151 279 3218 dl
305 3149 360 3218 διὰ
388 3149 470 3217 ado
500 3151 544 3216 έν
571 3155 617 3238 τῇ
644 3152 822 3235 τραγικῇ
849 3147 965 3226 λέξει.
1011 3149 1135 3236 Ecquis
1157 3161 1222 3217 tam

113 3258 230 3320 misere
252 3257 426 3338 caecutiat,
447 3263 483 3319 ut
505 3253 643 3341 Didymi
666 3253 785 3339 respici
808 3253 855 3315 sic
876 3251 1033 3337 inscripta
1056 3251 1224 3318 volumina

113 3369 220 3445 neget,
243 3367 275 3423 et
296 3358 368 3423 salli
388 3358 607 3440 Brunckium,
631 3359 686 3445 qui
707 3353 809 3420 verba
830 3353 1009 3418 novissima
1030 3353 1062 3416 h.
1087 3354 1109 3418 l.
1133 3358 1224 3420 omit-

112 3464 151 3526 tit
175 3469 206 3525 et
227 3460 319 3525 addit
340 3468 414 3547 post
429 3462 567 3524 Σέλλων
588 3481 621 3523 v.
645 3458 749 3522 1169?
771 3456 879 3521 Locus
902 3453 1100 3541 Sophocleus
1123 3459 1223 3544 respit

112 3565 196 3628 citur
216 3564 250 3626 in
274 3561 417 3650 Hesych.
436 3562 470 3626 ΙΙ
489 3563 570 3626 11162
589 3584 614 3625 s.
630 3584 663 3625 v.
683 3558 892 3642 πρόφαντον,
914 3557 1000 3622 unde
1023 3558 1120 3622 simul
1134 3567 1224 3646 patet

112 3664 259 3730 scholion
280 3666 430 3730 vitiatum
455 3685 527 3728 esse
545 3663 751 3727 restitutione
769 3660 859 3725 facili
877 3660 1075 3724 sanandum:
1098 3657 1223 3742 πρόσ-

113 3790 291 3852 φαντον·
325 3765 687 3852 προσμεμαντενμένον
714 3764 768 3842 ††
796 3763 1041 3848 προειρημένον
1070 3755 1138 3828 ὑπὸ
1163 3768 1223 3827 τοῦ

113 3866 205 3948 Διός.
230 3863 318 3934 οὕτω
342 3871 416 3952 δίχα
442 3872 503 3933 τοῦ
528 3885 548 3932 o
569 3867 606 3932 έν
626 3870 666 3953 τῇ
681 3869 821 3952 τραγικῇ
836 3866 930 3942 λέξει.
960 3864 1114 3930 Lacunae
1129 3867 1224 3954 signa
1303 3909 1304 3912 =

112 3974 221 4059 posui,
254 3972 403 4036 fortassis
436 3969 545 4035 verbis
580 3971 615 4034 οἱ
640 3970 679 4034 δέ
703 3968 894 4055 explendae.
946 3966 1114 4031 Discimus
1147 3969 1223 4034 hinc

109 4074 280 4162 interpreti
306 4073 365 4137 La.
388 4081 517 4161 praeter
543 4072 679 4158 Didymi
701 4071 817 4157 Piique
841 4070 1072 4135 commentat-ia
1094 4069 1137 4134 ad
1160 4093 1223 4135 ma·

111 4197 189 4240 num
211 4174 314 4240 fuisse
335 4176 433 4238 etiam
454 4174 593 4261 Didymi
612 4176 700 4252 λέξιν
721 4168 900 4256 τραγικήν,
922 4179 957 4235 ut
979 4171 1072 4234 nobis
1092 4193 1223 4258 persua·

113 4297 184 4341 sum
213 4299 285 4342 esse
312 4278 432 4364 possit,
457 4276 637 4363 Didymum
666 4298 724 4341 nos
747 4274 1004 4362 deprehendere,
1037 4273 1223 4362 ubicunque
