2894 4890
569 391 758 449 -φ-
1158 367 1216 432 189

109 531 235 622 χεάω,
257 528 302 600 ἵν’
322 523 344 620 ἦ
359 531 500 609 ἐνεστώς
517 526 589 598 ἀντὶ
607 534 807 618 μέλλοντος]
830 534 924 600 Harl.
947 536 1012 600 Pro
1028 535 1217 601 Herodiano

109 635 187 699 vide
208 656 250 698 ne
272 633 458 698 Zenodotus
481 634 699 698 restituendus
724 636 776 698 sit.

197 738 269 798 244.
299 731 497 815 πανέμεν·
537 724 662 824 Ῥιανὸς
690 730 813 817 γράφει
844 733 911 797 καλ
940 730 1136 818 παύεται,
1162 735 1217 800 καὶ

109 833 212 920 λόγον
245 839 309 918 ἔχει
344 827 400 898 διὰ
418 828 454 897 τὸ
479 829 539 897 τόν
566 832 686 917 μάντιν
717 837 822 900 εἰπεῖν
849 830 1061 921 εφραζώμεθ’
1092 831 1138 913 ἀς
1157 860 1217 903 κεν

108 931 399 1019 καταπαύσομεν’,
434 935 469 998 οἱ
487 933 523 998 dl
542 932 596 998 καὶ
624 929 719 1000 αὐτοὶ
746 936 930 1000 παυέσθων
957 937 1059 1026 (168).
1102 937 1158 1003 καὶ
1179 937 1216 1004 ad

110 1035 229 1123 εἡμέας
251 1032 407 1117 ὀτρύνων
425 1037 685 1120 καταπαυέμεν’.
709 1037 750 1118 Ω.
772 1037 866 1102 Harl.
890 1039 945 1103 Sic
966 1041 1084 1126 scripsi
1106 1041 1217 1105 ePor-

109 1140 181 1203 soni
204 1146 236 1201 et
254 1137 445 1200 Buttmanni
467 1136 660 1200 coniecturis
678 1137 881 1201 certissimis.

195 1241 267 1303 260.
292 1236 385 1318 Ωιταε
403 1235 574 1299 Nicanoris
598 1246 672 1301 sunt
694 1260 793 1324 supra
815 1241 987 1326 exscripsi.

193 1343 265 1404 294.
298 1339 373 1403 Ηοο
396 1338 542 1423 recipere
559 1350 634 1402 'non
660 1342 774 1404 ausim.
821 1339 873 1406 Cf.
901 1341 1029 1406 Nauck.
1052 1345 1111 1407 Ar.
1135 1345 1216 1431 Byz.

111 1465 143 1528 p.
168 1444 219 1504 22.
239 1442 291 1505 23.
751 1451 753 1454 ’

195 1545 267 1605 311.
290 1534 491 1604 ἀκέοντα·
510 1532 636 1615 Ῥιανὸς
656 1537 790 1625 γράφει,
811 1535 999 1606 ἀέκοντα.
1026 1545 1080 1608 Η..

196 1645 269 1707 321.
290 1638 462 1706 σπάσεν·
482 1639 699 1726 Ἀρίσταρχος,
723 1639 884 1708 σπάσατο.
910 1644 950 1722 Ω.
974 1643 1018 1708 H.
1068 1669 1072 1674 ¹

194 1745 267 1806 322.
290 1745 379 1829 ῥεῖα
400 1739 473 1806 κτὲ·
505 1735 687 1824 ἀθετεῑται,
712 1737 757 1820 ἀς
778 1743 940 1828 περιττός.
977 1746 1157 1830 προηθίτει
1181 1743 1218 1811 δὲ

109 1845 164 1910 καί
183 1839 433 1926 Ἀριστοφάνης.
458 1843 501 1922 Q.

193 1949 265 2010 338.
311 1940 383 2009 ὅθι
405 1942 542 2027 νητός·
570 1938 809 2030 Ἀριστοφάνης
834 1943 1081 2032 ὅθιννητός,
1114 1943 1158 2026 ὡς
1180 1945 1217 2013 ad

108 2048 179 2112 ‘dal
194 2045 407 2132 μεγάροισιν’
426 2047 509 2131 (94),
529 2042 737 2129 Ἀρίσταρχος
752 2046 789 2114 δὲ
804 2044 851 2114 dt'
870 2047 945 2126 ἑνὸς
961 2075 991 2114 ν.
1015 2051 1108 2114 Harl.
1130 2050 1217 2114 Hinc

109 2150 264 2214 discimus
283 2148 326 2212 ad
347 2152 369 2232 β
391 2152 431 2212 94
461 2147 597 2233 Didymi
618 2147 876 2214 observationem
898 2151 1045 2236 periisse.
1090 2150 1218 2214 Nauck.

108 2273 141 2336 p.
165 2254 199 2312 51
225 2257 313 2314 recte
334 2245 608 2332 ἐνιμμεηάροισιν
631 2248 752 2314 scribit.

193 2355 265 2414 410.
285 2353 549 2433 Καλλίστρατος·
573 2350 671 2413 δεῦτε
692 2353 782 2432 φίλοι
801 2345 880 2435 ὄφρ’
904 2346 960 2435 ἤϊα
983 2354 1060 2439 (scr.
1073 2341 1130 2438 pu)
1154 2375 1218 2434 φε-

110 2449 258 2537 ρώμεθα.
304 2451 358 2515 καὶ
382 2453 450 2516 ἔστι
474 2455 532 2536 τῆς
553 2453 717 2535 νεωτέρας
735 2447 886 2527 Ἀτθίδος
907 2449 944 2516 τὰ
968 2448 1076 2530 οὕτως
1098 2471 1218 2517 συναι-
1264 2445 1265 2448 “

108 2565 189 2638 ρείν.
212 2552 252 2634 Ω.
276 2553 370 2617 Harl.

643 2745 674 2804 η.

197 2862 225 2919 7.
259 2853 533 2920 πεντακόσιοι
557 2850 589 2919 d'
615 2856 657 2919 ἐν
680 2851 846 2942 ἑκάστη·
869 2851 958 2921 οὕτω
980 2852 1037 2922 διὰ
1059 2857 1121 2920 τοῦ
1141 2879 1162 2918 α
1180 2851 1217 2919 sd

110 2954 325 3021 πεντακόσιοι
343 2952 573 3040 Ἀρίσταρχος.
592 3007 620 3021 ,.
646 2958 687 3036 Q.

195 3061 225 3122 8.
249 3052 504 3140 προῦθεντο·
528 3055 692 3142 γράφεται
707 3055 762 3122 καὶ
777 3055 976 3145 προῦχοντα.
1009 3054 1219 3141 Ἀρίσταρχος

109 3161 304 3242 προείχοντο
326 3163 372 3246 τῷ
389 3161 471 3246 θεῷ,
492 3150 566 3223 οἷον
588 3170 747 3243 παρεῖχον
804 3209 811 3224 .
826 3162 867 3226 Ε.
882 3161 922 3242 Ω.
943 3159 1089 3247 Hesyeh.
1109 3153 1219 3239 προά-

109 3283 225 3344 χοντο,
245 3259 408 3344 ἐνέχοντο.

188 3361 268 3426 ibid.
317 3357 536 3426 ἑκάστοθι·
573 3356 782 3445 Ἀρίσταρχος
817 3361 872 3427 καὶ
899 3357 1104 3450 Ἡρφδιανὸς
1142 3359 1221 3426 ἑκά-

110 3471 225 3545 στοθι,
246 3461 284 3525 ἐν
303 3459 430 3549 ἑκάστῳ
448 3458 538 3550 τόπῳ
561 3460 626 3527 κτί.
656 3460 696 3541 Ω.
738 3462 884 3549 Apparet
906 3463 983 3527 hinc
1006 3463 1143 3549 Didymi
1164 3463 1220 3526 ad-

109 3564 308 3627 notationem
331 3565 493 3650 quandam
515 3565 555 3629 de
573 3563 756 3628 Aristarchi
775 3563 914 3628 lectione
936 3565 1117 3646 exstitisse3
1138 3584 1221 3650 quae

108 3673 247 3727 aetatem
264 3664 410 3729 tulerunt
428 3666 582 3744 videntur
601 3686 644 3728 ex
665 3663 854 3730 Herodiano
878 3675 1042 3752 excerpta.

196 3769 245 3828 10.
280 3769 493 3830 ‘Aristarchus
513 3778 542 3832 et
559 3771 751 3840 Herodianus
773 3775 850 3833 alter
868 3776 962 3832 altero
983 3772 1069 3831 modo
1091 3761 1194 3830 κατά
1200 3801 1219 3811 -

108 3858 219 3947 χοντ’
243 3859 302 3948 ἡδ’
327 3877 356 3930 τι
377 3863 612 3948 κατάγοντο
635 3861 722 3942 ἰδ’)
744 3869 837 3932 Pors.
861 3891 904 3933 ex
924 3868 968 3932 H.
1090 3947 1092 3952 ,

197 3968 247 4030 11.
284 3973 469 4031 στεῖλαν·
504 3967 538 4030 ol
556 3969 632 4050 περὶ
652 3966 846 4050 Ζηνόδοτον
868 3978 1017 4032 σελσαν
1039 3961 1217 4045 ἀείροντες.

107 4061 183 4129 τότε
204 4065 241 4130 δὲ
265 4069 426 4149 σείονσιν,
449 4061 506 4132 ὅτε
524 4064 694 4151 θελήσασι
716 4065 855 4152 χαλάσαι
877 4063 914 4137 τὸ
937 4061 1095 4151 ἀρμενον.
1119 4064 1159 4145 Ω.
1207 4119 1208 4124 ,

198 4170 248 4230 24.
293 4163 423 4246 aldais
453 4162 485 4232 θ’
515 4158 571 4232 ἀὖ
603 4170 679 4258 νίφ
714 4165 850 4250 ἀνδρί·
885 4162 974 4231 οὕτω
1008 4165 1048 4258 δὲ(
1073 4167 1108 4230 ol
1137 4161 1220 4229 κατὰ

102 4259 234 4331 Ῥιανόν
256 4269 343 4353 (cod.
362 4263 529 4354 Ἀριανόν,
552 4291 616 4334 em.
637 4263 746 4353 Pons.)
769 4269 864 4334 Harl.
885 4268 950 4331 Pro
972 4267 1007 4330 οί
1023 4265 1109 4330 malo
1134 4266 1176 4329 αί.
