2866 4882
1141 383 1203 446 299

95 553 181 640 qu.
211 555 271 616 702
297 554 482 636 ἐμποδίζων
513 549 648 635 ἰσχάδας
681 553 758 615 Ροο.
790 552 866 614 1081
895 546 1204 638 6ιαιιαν[κα]νιάσαι

96 654 170 719 coll.
193 662 234 718 et.
254 677 297 717 m.
321 656 383 718 267
391 703 400 736 ,
424 657 460 716 21
491 654 568 717 Ρεο.
598 655 677 717 1126
697 647 873 735 Ἐλύμνιον
894 651 1034 738 Lysistr.
1058 655 1118 715 665
1142 657 1205 716 1ο-

97 754 250 831 ιιόποᾶες.
306 756 429 842 Vespp.
462 760 480 818 5
510 749 786 839 ἀπομερμηρίσαι.
820 751 967 837 μέρμερα
1003 755 1043 816 62
1072 776 1205 836 μυττω-

96 851 260 936 τεύσομεν
298 855 378 917 1208
417 855 528 940 (1164)
574 851 821 918 διαλακώνισον
859 853 989 916 Thesm.
1037 855 1077 916 86
1111 857 1205 936 τρίτη

98 958 343 1039 Θεσμοφορίων
362 955 445 1020 Αο11.
473 959 530 1020 108
553 951 659 1039 ίιχιίνη
684 958 743 1019 159
766 950 1070 1019 καταπελτάσονται
1094 957 1154 1019 162
1178 977 1203 1019 ε.

98 1082 130 1124 v.
152 1056 428 1140 ἐσκοροδισμένος
456 1061 515 1121 179
541 1061 675 1121 στιπτοί
700 1060 760 1121 219
782 1059 989 1139 Λακρατίδης
1015 1059 1075 1120 244
1108 1052 1206 1139 ἐτνή-

99 1177 200 1244 ρυσιν
229 1161 290 1221 272
310 1163 447 1235 aarum
469 1159 585 1245 (schol.
606 1158 690 1223 Plat.
713 1183 744 1245 p.
768 1159 845 1241 444)
869 1161 929 1222 523
951 1161 1101 1242 Σίμαιθα
1126 1163 1201 1222 1111

98 1265 254 1350 μίμαρκις
282 1269 343 1323 etc.
387 1260 433 1322 Hi
455 1259 518 1323 loci
541 1282 652 1324 omnes
677 1262 724 1324 ita
749 1271 824 1324 sunt
845 1262 1037 1348 comparati,
1064 1269 1101 1323 ut
1123 1259 1205 1324 alter

98 1359 192 1426 alteri
223 1360 425 1425 emendando
451 1363 641 1426 inserviant.
686 1363 726 1426 In
755 1363 920 1426 cumulum
941 1362 1076 1427 accedat
1104 1361 1205 1426 schol.

98 1463 184 1527 Plut.
207 1465 268 1526 690
291 1456 336 1538 ὡς
358 1467 495 1544 παρείας
522 1455 571 1526 clv
594 1459 688 1546 ὄφις·
710 1503 753 1513 -
773 1466 841 1528 ἔστι
861 1459 898 1528 dl
920 1460 957 1527 τὸ
980 1466 1136 1527 τοιοῦτον
1158 1458 1207 1526 εἷ-

100 1567 157 1640 sog
182 1562 298 1627 καὶέν
323 1567 363 1649 τῇ
388 1557 633 1651 Ἀλεξανδρείᾳ,
663 1566 749 1630 unde
771 1566 1032 1630 Alexandrinum
1050 1567 1206 1652 interpre-

99 1675 164 1730 tem
192 1665 417 1751 deprehendis.
470 1666 570 1746 Quae·
596 1676 775 1753 sequuntur
801 1663 838 1730 τό
869 1665 905 1730 δὲ
932 1670 1087 1730 τοιοῦτον
1120 1662 1207 1743 εἶδος

102 1761 289 1850 εὑρίσκεται
317 1765 354 1829 ἐν
383 1778 451 1843 τοῖς
473 1767 574 1849 ίεροῑς
602 1771 664 1831 τοῦ
688 1765 865 1832 Διονύσον
894 1769 1034 1832 fortasse
1062 1767 1206 1853 Symma-

101 1868 179 1932 chus
202 1867 338 1932 addidit.
384 1867 494 1931 Etiam
515 1867 615 1932 schol.
638 1869 745 1933 Rann.
769 1872 829 1934 963
851 1872 950 1933 maris
971 1869 1114 1933 accolam
1134 1892 1207 1955 pro-

101 1970 198 2052 dunt,
229 1991 424 2056 quamquam
451 1971 486 2032 in
507 1970 557 2034 his
574 1968 654 2033 mihi
675 1970 852 2056 Apionem,
878 1971 1064 2056 cymhalum
1084 1969 1207 2052 mundi,

101 2072 285 2158 loquentem
307 2071 421 2134 audire
443 2071 568 2136 videor.
612 2071 682 2136 Nec
704 2093 768 2135 non
791 2072 892 2136 schol.
915 2071 1001 2135 Avv.
1020 2073 1101 2134 1562
1121 2071 1206 2157 qu.

101 2179 162 2236 544
192 2173 338 2259 Didymo
367 2172 641 2255 abiudicaverim,
683 2175 802 2259 quippe
830 2195 913 2259 quae
944 2174 1208 2258 peregrinantem

100 2275 348 2360 grammaticum
367 2274 544 2339 redoleant.
589 2275 741 2360 Denique
758 2273 867 2337 Nubb.
891 2278 951 2337 144
971 2284 1083 2355 χεῖρον
1106 2267 1208 2336 οὐδὲν

102 2378 331 2458 μνημονεῦσαι
354 2365 409 2460 qui
433 2377 562 2461 scripsit
585 2384 658 2461 post
677 2374 888 2439 Plutarchum
910 2375 990 2438 mihi
1012 2375 1137 2438 vixisse
1159 2375 1207 2438 vi-

102 2476 195 2540 detur
218 2477 450 2561 perpendenti,
486 2477 572 2563 quod
593 2478 628 2539 in
651 2476 751 2542 schol.
775 2477 859 2564 qu.
885 2479 980 2558 1613,
1003 2469 1208 2558 1111106χεῖ-

102 2599 164 2660 ρον
185 2578 400 2660 παραθέσθαι
422 2579 577 2661 occurrit,
600 2578 768 2643 Plutarchi
790 2578 891 2643 verba
911 2586 1127 2664 apponuntur.

404 2932 705 2998 Commentarii
733 2934 920 2997 minores.
1050 2946 1055 2956 ·

640 3105 676 3184 4.

248 3251 252 3254 ’
314 3251 647 3316 Commentarius
689 3253 730 3316 in
766 3254 999 3319 Hesiodum.

187 3367 290 3432 Iulius
312 3367 475 3432 Muetzell.
508 3368 548 3432 de
577 3370 702 3434 emend.
733 3369 900 3454 Theogon.
927 3371 1062 3436 Hesiod.
1087 3395 1118 3456 p.
1147 3371 1208 3433 290

105 3461 281 3556 ‘Didymus
298 3491 425 3556 quoque
439 3468 684 3534 Chalcenterus'
706 3473 812 3558 inquit
832 3473 879 3534 ‘in
891 3471 1111 3556 Theogoniam
1125 3493 1209 3536 com-

104 3579 265 3634 mentatus
295 3570 398 3633 fuisse
417 3568 555 3633 videtur.
600 3571 752 3635 Laudant
778 3572 847 3634 eius
868 3573 1088 3634 narrationem
1109 3571 1209 3636 schol.

103 3673 220 3736 Venet.
238 3679 269 3734 et
282 3669 420 3734 Cantab.
433 3692 465 3733 v.
481 3673 550 3733 126.
576 3670 727 3734 Ceterum
749 3671 836 3758 quod
857 3671 957 3735 tradit
976 3671 1106 3735 Fabric.
1129 3671 1209 3734 bibl.

105 3773 163 3837 Gr.
185 3772 202 3834 I
224 3795 255 3857 p.
280 3773 340 3834 518
364 3770 414 3834 ed.
431 3770 560 3834 Harles.
589 3771 769 3857 Didymum
788 3774 886 3836 istum
903 3772 1107 3853 scholiorum,
1128 3793 1211 3858 quae

105 3881 287 3958 supersunt,
310 3879 474 3937 auctorem
488 3873 596 3936 videri
607 3871 718 3936 Natali
737 3873 857 3938 comiti
877 3872 1013 3958 mythol.
1028 3871 1076 3936 Vl
1089 3894 1122 3957 p.
1139 3873 1211 3954 633,

4 4027 10 4040 .
103 3974 384 4038 inconsideranter
404 3973 526 4037 factum
548 3973 613 4056 est,
644 3973 798 4059 nullaque
820 3977 922 4038 utitur
942 3973 1017 4037 fide.
1062 3974 1144 4036 Rem
1163 3971 1210 4035 fa-

104 4073 223 4136 cillime
242 4073 547 4158 deprehendendam
568 4097 635 4139 non
656 4076 800 4160 pervidit
822 4075 1001 4158 Goettling.
1021 4073 1125 4158 praef.
1146 4073 1211 4135 He-

104 4174 186 4238 siod.
212 4196 244 4259 p.
267 4175 437 4239 XXXIII.
483 4175 609 4240 Natalis
636 4175 737 4240 verba
764 4175 844 4239 haec
860 4183 964 4264 ,sunta
993 4173 1095 4238 ‘Cum
1116 4173 1211 4238 Ioan-

103 4297 163 4342 nes
184 4275 353 4342 Diaconus
376 4285 407 4342 et
422 4263 586 4364 Didylnus
610 4283 693 4362 sqq?
716 4275 842 4363 Nempe
864 4274 1053 4363 Didymum¹
1067 4275 1107 4339 de
1121 4295 1211 4339 more
