2812 4868
1233 333 1272 393 29

161 493 296 560 nicnum
336 499 508 578 utramque
545 489 683 577 Didymi
719 490 919 576 farraginem
951 494 1275 582 periergopcnetibus

163 595 231 658 suis
258 595 455 677 intexuisse,
486 594 627 680 indeque
655 593 802 678 singulas
830 616 975 682 quasque
996 595 1123 681 glossas
1146 599 1276 686 amplis-

163 698 246 760 simo
268 718 327 760 suo
349 695 533 780 glossarum
555 697 683 782 corpori
705 697 881 762 inseruisse
899 698 1111 784 Hesychium.
1133 739 1177 750 -
1201 701 1276 787 Ipse

163 796 351 883 Hesychius
368 796 512 884 Didymo
530 797 722 880 terdecies¹)
741 798 961 863 testimonium
982 798 1157 866 denunciat
1174 824 1202 868 s.
1220 825 1275 868 vv.
1303 881 1307 888 ,

163 893 296 975 *Αὐλίς
330 899 370 980 [i]
401 902 571 984 βρίκελλοι
595 897 784 983 *ἐπωβελία
818 899 1001 988 (perperam
1035 902 1176 968 Ioannes
1206 904 1276 967 Pri·

164 1020 260 1063 caeus
284 1007 316 1063 et
338 1000 389 1064 ed.
405 999 464 1063 LB
491 1003 570 1064 1668
591 997 740 1087 impitus)
763 999 1276 1087 κορσόκις·*Ααπίρσαι’λίσπιν

162 1101 386 1183 Λιμοδατριείς
407 1100 591 1165 Μοσυνικὰ
614 1103 814 1184 μαζονομεῑα
835 1101 1016 1186 Μυκέρινα
1035 1100 1181 1189 οἰσποίτη
1203 1111 1276 1170 Σα-

163 1198 283 1284 μιακός
316 1197 440 1281 τρόπος
472 1198 675 1286 σισύμβριον
704 1205 943 1288 σκινθαρίζειν.
992 1204 1048 1268 Ex
1077 1205 1128 1270 his
1147 1205 1277 1292 glossis,

163 1325 245 1390 quas
268 1302 406 1367 stellulis
428 1304 557 1386 notavi,
584 1304 689 1391 prime
710 1305 890 1370 Homerum
913 1306 967 1393 (ll.
983 1313 1013 1370 Α
1036 1307 1107 1393 38),
1134 1309 1277 1373 secunda

162 1403 419 1470 Demosthenem
444 1405 499 1492 (de
528 1405 670 1492 coron),
698 1408 796 1470 tertie
817 1406 1010 1493 Sophoclem
1042 1408 1163 1495 (Strab.
1190 1411 1275 1475 VIII

163 1530 196 1594 p.
217 1507 293 1586 364)
330 1515 476 1594 spectare
508 1507 673 1572 videntur.
722 1509 858 1595 Ambigi
889 1510 986 1574 etiam
1019 1512 1060 1576 de
1092 1534 1124 1576 v.
1158 1510 1276 1576 λέσπιν

163 1610 278 1694 possit.
314 1608 360 1672 At
377 1606 577 1694 reliquarum
599 1616 708 1674 esest
729 1609 841 1692 iacies,
863 1617 900 1676 ut
918 1632 1013 1676 socco
1035 1633 1091 1676 ecs
1113 1612 1276 1696 originem

163 1731 257 1773 suam
289 1708 409 1774 debere
436 1709 610 1774 confestim
639 1709 700 1774 tibi
729 1711 783 1775 vel
810 1733 875 1776 non
898 1713 1039 1777 monitus
1067 1714 1276 1800 persuadeas,

164 1812 291 1876 etiamsi
312 1811 515 1896 singularum
537 1812 631 1877 sedes
654 1822 805 1878 accurate
826 1814 966 1880 indicari
979 1837 1046 1880 non
1058 1816 1173 1902 possit.
1198 1815 1276 1879 Illu-

163 1917 303 1977 st'remus
325 1913 482 1997 singulas.

702 2086 732 2150 2.

248 2202 329 2266 Hes.
355 2201 372 2265 I
391 2205 452 2266 767
486 2201 730 2286 Βρίκελλοι·
760 2204 794 2268 οί
816 2201 890 2286 μὲν
907 2173 987 2281 τούς
1007 2200 1186 2282 ίστόποδας
1207 2198 1273 2270 ἀπὸ

164 2307 227 2368 τοῦ
257 2300 385 2388 βάρους
407 2304 461 2368 καὶ
483 2308 546 2370 τοῦ
567 2302 691 2387 ξύλον,
716 2307 757 2371 oi
776 2303 819 2369 dl
841 2303 1044 2390 βαρβάρους.
1089 2307 1275 2388 Δίδυμος

166 2403 202 2470 δὲ
225 2400 265 2469 τὰ
280 2401 421 2488 τραγικὰ
445 2403 680 2491 [λβαρβαρικὰ]
705 2403 999 2491 successtiones&
1016 2411 1179 2495 Κρατίνῳ,
1203 2397 1276 2470 οἷον

164 2511 370 2594 βροτοΐκελοι
397 2505 434 2572 ἐν
456 2511 617 2591 Σερίφοις
646 2509 823 2595 (-φίοις).
867 2509 1061 2572 Accuratius
1083 2517 1124 2572 et.
1147 2533 1190 2573 m.
1214 2511 1273 2571 213

163 2641 203 2668 =
222 2613 298 2691 194,
317 2613 357 2674 40
378 2613 615 2693 Βρίιιελλος.
644 2611 712 2675 ἔστι
727 2605 937 2695 βαρβαρικόν
952 2606 990 2674 τό
1006 2604 1122 2694 ὄνομα.
1146 2611 1274 2673 τίθεται

164 2708 199 2774 δὲ
223 2708 278 2775 καὶ
296 2709 349 2774 ἐπὶ
371 2707 562 2792 προσώπων
584 2715 803 2795 βαρβαρικῶν
825 2712 880 2777 καὶ
902 2717 1028 2795 εἴρηται
1044 2707 1146 2776 οίονεί
1164 2712 1274 2795 βροτῷ

114 2897 116 2903 1
165 2804 335 2895 είκελοςῆ
363 2811 476 2895 Βριξίν
508 2817 644 2896 είκελος.
690 2817 809 2898 Βρίγες
836 2811 900 2897 γὰρ
931 2815 1032 2890 ἔθνος
1054 2807 1272 2898 βαρβαρικόν.

163 2909 258 2981 ἄλλοι
289 2910 326 2980 δὲ
353 2913 551 3000 βρικέλλονς
577 2910 658 2992 τούς
685 2912 884 2993 κελεύοντας
907 2916 943 3002 (l.
965 2915 1155 3001 καλέοντας)
1184 2907 1274 2998 παρὰ

231 3127 257 3193 l)
282 3124 424 3176 Manifesti
448 3126 519 3176 enim
538 3127 634 3176 erroris
654 3131 717 3178 sunt
737 3126 778 3176 Io.
798 3126 927 3176 Pricaeus
945 3125 974 3174 in
991 3123 1047 3174 ind.
1067 3123 1187 3190 Hesych.
1207 3122 1273 3173 edit.

163 3213 268 3280 Apulei.
292 3213 390 3262 adnex.
415 3228 442 3276 p.
468 3213 518 3263 745
543 3217 570 3262 ct
594 3213 732 3264 Albertius
751 3212 906 3277 Hes-Hp.
926 3213 978 3262 224
997 3215 1122 3276 quartum
1141 3209 1273 3262 decimum

162 3299 249 3351 locum
272 3283 416 3349 addentes:
444 3290 550 3348 κέλεται
575 3293 708 3364 δίδυμος.
734 3290 934 3364 παρεκελεύετο
953 3289 971 3363 ἦ
991 3287 1081 3364 ψυχή.
1098 3297 1182 3366 Fugit
1202 3296 1273 3346 enim

162 3387 217 3438 VV.
232 3387 304 3448 Du,
323 3400 409 3450 prava
426 3384 486 3451 cod.
505 3384 622 3435 lectione
640 3372 777 3450 deceptos,
796 3391 877 3434 notus
895 3384 1008 3434 Homeri
1026 3371 1120 3434 versus
1136 3383 1169 3433 Il.
1183 3381 1209 3431 K
1221 3381 1272 3432 534

163 3463 304 3535 ψεύσομαι
316 3457 336 3535 ἢ
348 3463 451 3534 ἔτυμον
470 3459 553 3533 ἐρέας
572 3463 680 3519 κέλεται
692 3465 724 3518 δέ
738 3483 771 3534 με
784 3464 888 3535 θυμός,
908 3473 936 3521 id
951 3472 1022 3536 quod
1036 3470 1137 3522 dudum
1153 3467 1272 3518 animad-

139 3613 141 3618 ,
162 3561 303 3608 verterunt
326 3557 439 3621 Soping.
466 3555 563 3607 Heius.
591 3557 675 3606 Brun.
705 3557 743 3606 Is.
771 3557 852 3610 Voss.
879 3556 902 3608 1.
929 3559 961 3607 F.
987 3556 1106 3608 Gronov.
1144 3554 1273 3606 Similiter

161 3643 253 3711 lapsus
273 3648 316 3694 est
331 3644 353 3693 1.
371 3643 483 3694 Richter
501 3641 534 3691 de
552 3642 650 3692 Aesch.
670 3645 697 3691 et
716 3641 799 3706 Soph.
819 3643 935 3707 interpp.
951 3658 991 3707 gr.
1010 3658 1037 3707 p.
1057 3642 1091 3694 93
1115 3643 1163 3706 qui
1179 3641 1273 3692 lectio·

161 3748 219 3784 nem
243 3731 345 3783 Suidae
368 3731 429 3780 111
455 3745 482 3794 p.
501 3728 535 3780 83
558 3720 649 3793 adpre
667 3717 873 3793 ἐπαφρόδιτος,
898 3730 964 3778 aL.
982 3730 1099 3778 Kustero
1119 3744 1150 3778 cx
1170 3729 1272 3792 optimo

162 3820 218 3868 cod.
249 3802 364 3868 Pan-'A
388 3822 558 3879 revocatam,
594 3814 740 3866 infeliciter
767 3815 855 3865 denno
882 3830 1028 3880 aggressus
1055 3815 1209 3879 perturbat,
1241 3819 1272 3862 ut

161 3903 376 3970 Epaphroditum
394 3905 599 3968 grammaticum
617 3901 645 3952 in
658 3893 760 3961 λέξεων
773 3917 853 3966 opere
866 3901 1031 3965 Sophoclcas
1044 3907 1150 3965 quoque
1166 3899 1271 3968 glossas

161 3993 295 4041 tractasse
315 3990 491 4040 demonstret.
527 3990 563 4038 At
587 3989 672 4038 verba
700 3978 790 4052 κάρτα
810 3977 1002 4051 ἐπαφρόδιτος
1026 3987 1066 4036 01.
1087 3984 1193 4036 Aeliani
1212 3999 1273 4033 esse

101 4125 102 4132 ,
161 4077 236 4129 iuxta
255 4093 315 4128 cum
335 4076 502 4126 doctioribus
521 4075 593 4140 fugit
610 4075 777 4126 Richterum.
813 4075 913 4130 Valent
937 4075 956 4125 i.
973 4090 999 4138 q.
1025 4071 1090 4121 λίαν
1109 4064 1270 4134 ἐπέραστος.

162 4163 201 4217 Of.
215 4181 289 4216 nunc
306 4163 434 4214 Dindorf.
452 4161 542 4214 Schol.
564 4163 646 4227 Soph.
666 4163 709 4212 Ai.
730 4163 789 4214 554.
820 4160 1018 4212 Schneidewin.
1037 4159 1065 4207 in
1078 4157 1157 4207 Iahn.
1177 4156 1269 4208 Iuhrb.

162 4250 179 4300 f.
196 4252 267 4304 Phil.
287 4265 315 4302 u.
334 4249 456 4316 Paedcg.
471 4250 574 4302 LXVII
592 4250 608 4299 5
625 4265 653 4314 p.
672 4249 733 4300 509.
1161 4263 1163 4268 ’
