<?xml version="1.0" encoding="UTF-8"?>
<!DOCTYPE html PUBLIC "-//W3C//DTD XHTML 1.0 Transitional//EN"
    "http://www.w3.org/TR/xhtml1/DTD/xhtml1-transitional.dtd">
<html xmlns="http://www.w3.org/1999/xhtml" xml:lang="en" lang="en">
 <head>
  <title>
</title>
<meta http-equiv="Content-Type" content="text/html;charset=utf-8" />
  <meta name='ocr-system' content='tesseract 3.04.00' />
  <meta name='ocr-capabilities' content='ocr_page ocr_carea ocr_par ocr_line ocrx_word'/>
</head>
<body>
  <div class='ocr_page' id='page_1' title='image "./didymichalcente01schmgoog_0248.png"; bbox 0 0 2894 4890; ppageno 0'>
   <div class='ocr_carea' id='block_1_1' title="bbox 1179 371 1240 434">
    <p class='ocr_par' dir='ltr' id='par_1_1' title="bbox 1179 371 1240 434">
     <span class='ocr_line' id='line_1_1' title="bbox 1179 371 1240 434; baseline 0.066 -4"><span class='ocrx_word' id='word_1_1' title='bbox 1179 371 1240 434; x_wconf 78' lang='lat'><strong><em>229</em></strong></span> 
     </span>
    </p>
   </div>
   <div class='ocr_carea' id='block_1_2' title="bbox 651 526 703 588">
    <p class='ocr_par' dir='ltr' id='par_1_2' title="bbox 651 526 703 588">
     <span class='ocr_line' id='line_1_2' title="bbox 651 526 703 588; baseline 0.019 -2"><span class='ocrx_word' id='word_1_2' title='bbox 651 526 703 588; x_wconf 87' lang='grc'><strong><em>33.</em></strong></span> 
     </span>
    </p>
   </div>
   <div class='ocr_carea' id='block_1_3' title="bbox 121 635 1239 970">
    <p class='ocr_par' dir='ltr' id='par_1_3' title="bbox 125 635 1239 932">
     <span class='ocr_line' id='line_1_3' title="bbox 208 635 1238 760; baseline 0.019 -62"><span class='ocrx_word' id='word_1_3' title='bbox 208 635 303 700; x_wconf 85' lang='lat' dir='ltr'><strong>Nem.</strong></span> <span class='ocrx_word' id='word_1_4' title='bbox 326 638 388 700; x_wconf 89' lang='lat' dir='ltr'><em>A</em></span> <span class='ocrx_word' id='word_1_5' title='bbox 379 659 478 701; x_wconf 83' lang='lat' dir='ltr'><strong>mser.</strong></span> <span class='ocrx_word' id='word_1_6' title='bbox 502 637 687 760; x_wconf 73' lang='grc' dir='ltr'><strong><em>γέγραπται</em></strong></span> <span class='ocrx_word' id='word_1_7' title='bbox 708 637 726 706; x_wconf 88' lang='grc' dir='ltr'><strong>ὁ</strong></span> <span class='ocrx_word' id='word_1_8' title='bbox 750 643 901 723; x_wconf 87' lang='grc' dir='ltr'><strong><em>έπίυικος</em></strong></span> <span class='ocrx_word' id='word_1_9' title='bbox 920 652 1057 737; x_wconf 80' lang='grc' dir='ltr'><strong><em>Χρομίῳ</em></strong></span> <span class='ocrx_word' id='word_1_10' title='bbox 1083 653 1238 740; x_wconf 84' lang='grc' dir='ltr'><strong><em>Δίτναιφ.</em></strong></span> 
     </span>
     <span class='ocr_line' id='line_1_4' title="bbox 121 719 1239 828; baseline 0.013 -27.051"><span class='ocrx_word' id='word_1_11' title='bbox 121 725 234 820; x_wconf 82' lang='grc' dir='ltr'><strong><em>Ἱέρων</em></strong></span> <span class='ocrx_word' id='word_1_12' title='bbox 256 733 320 817; x_wconf 77' lang='grc' dir='ltr'><strong><em>γάρ</em></strong></span> <span class='ocrx_word' id='word_1_13' title='bbox 338 730 525 818; x_wconf 87' lang='grc' dir='ltr'><strong><em>οίιιιστῆς’</em></strong></span> <span class='ocrx_word' id='word_1_14' title='bbox 504 737 578 802; x_wconf 78' lang='grc' dir='ltr'><strong><em>αντὶ</em></strong></span> <span class='ocrx_word' id='word_1_15' title='bbox 601 735 773 822; x_wconf 90' lang='grc' dir='ltr'><strong><em>τυράννου</em></strong></span> <span class='ocrx_word' id='word_1_16' title='bbox 791 740 998 828; x_wconf 81' lang='grc' dir='ltr'><strong><em>βουλόμενος</em></strong></span> <span class='ocrx_word' id='word_1_17' title='bbox 1019 743 1105 813; x_wconf 80' lang='grc' dir='ltr'><strong><em>εἶναι</em></strong></span> <span class='ocrx_word' id='word_1_18' title='bbox 1125 719 1239 815; x_wconf 86' lang='grc' dir='ltr'><strong><em>Κατά-</em></strong></span> 
     </span>
     <span class='ocr_line' id='line_1_5' title="bbox 127 834 1239 970; baseline 0.012 -69"><span class='ocrx_word' id='word_1_19' title='bbox 127 861 192 920; x_wconf 85' lang='grc' dir='ltr'><strong><em>νην</em></strong></span> <span class='ocrx_word' id='word_1_20' title='bbox 214 835 336 914; x_wconf 80' lang='grc' dir='ltr'><strong><em>έξελών</em></strong></span> <span class='ocrx_word' id='word_1_21' title='bbox 350 842 480 920; x_wconf 87' lang='grc' dir='ltr'><strong><em>Αίτνηυ</em></strong></span> <span class='ocrx_word' id='word_1_22' title='bbox 498 834 713 925; x_wconf 77' lang='grc' dir='ltr'><strong><em>μετωνόμασε</em></strong></span> <span class='ocrx_word' id='word_1_23' title='bbox 735 837 796 926; x_wconf 88' lang='grc' dir='ltr'><strong><em>τῆν</em></strong></span> <span class='ocrx_word' id='word_1_24' title='bbox 816 842 926 930; x_wconf 90' lang='grc' dir='ltr'><strong><em>πόλιν,</em></strong></span> <span class='ocrx_word' id='word_1_25' title='bbox 950 845 1122 914; x_wconf 83' lang='grc' dir='ltr'><strong><em>ἑαυτδνί</em></strong></span> <span class='ocrx_word' id='word_1_26' title='bbox 1087 873 1105 915; x_wconf 95' lang='grc' dir='ltr'><strong><em>ο</em></strong></span> <span class='ocrx_word' id='word_1_27' title='bbox 1108 846 1239 970; x_wconf 83' lang='grc' dir='ltr'><strong><em>ίειιστῆν</em></strong></span> 
     </span>
    </p>
   </div>
   <div class='ocr_carea' id='block_1_4' title="bbox 126 935 1239 1136">
    <p class='ocr_par' dir='ltr' id='par_1_4' title="bbox 126 935 1239 1136">
     <span class='ocr_line' id='line_1_6' title="bbox 127 935 1239 1035; baseline 0.013 -31"><span class='ocrx_word' id='word_1_28' title='bbox 127 935 415 1023; x_wconf 79' lang='grc' dir='ltr'><strong><em>προσαγορεύσας,</em></strong></span> <span class='ocrx_word' id='word_1_29' title='bbox 438 963 489 1004; x_wconf 84' lang='grc' dir='ltr'><strong><em>και</em></strong></span> <span class='ocrx_word' id='word_1_30' title='bbox 482 939 548 1005; x_wconf 87' lang='grc' dir='ltr'><strong><em>έν</em></strong></span> <span class='ocrx_word' id='word_1_31' title='bbox 570 952 640 1019; x_wconf 89' lang='grc' dir='ltr'><strong><em>ταῖς</em></strong></span> <span class='ocrx_word' id='word_1_32' title='bbox 661 937 886 1029; x_wconf 78' lang='grc' dir='ltr'><strong><em>άναρρῆσεσιν</em></strong></span> <span class='ocrx_word' id='word_1_33' title='bbox 908 950 946 1012; x_wconf 82' lang='grc' dir='ltr'><strong><em>ἔν</em></strong></span> <span class='ocrx_word' id='word_1_34' title='bbox 966 966 1033 1015; x_wconf 88' lang='grc' dir='ltr'><strong><em>τισι</em></strong></span> <span class='ocrx_word' id='word_1_35' title='bbox 1059 959 1126 1016; x_wconf 70' lang='grc' dir='ltr'><strong><em>τοῖν</em></strong></span> <span class='ocrx_word' id='word_1_36' title='bbox 1147 946 1239 1035; x_wconf 66' lang='lat' dir='ltr'>dysi—</span> 
     </span>
     <span class='ocr_line' id='line_1_7' title="bbox 126 1035 1238 1136; baseline 0.012 -30"><span class='ocrx_word' id='word_1_37' title='bbox 126 1064 197 1106; x_wconf 87' lang='grc' dir='ltr'><strong><em>νων</em></strong></span> <span class='ocrx_word' id='word_1_38' title='bbox 216 1042 377 1106; x_wconf 75' lang='grc' dir='ltr'><strong><em>Αἰτναῖον</em></strong></span> <span class='ocrx_word' id='word_1_39' title='bbox 397 1035 519 1106; x_wconf 80' lang='grc' dir='ltr'><strong><em>ἑαυτὸν</em></strong></span> <span class='ocrx_word' id='word_1_40' title='bbox 541 1036 620 1108; x_wconf 83' lang='grc' dir='ltr'><strong><em>είπε.</em></strong></span> <span class='ocrx_word' id='word_1_41' title='bbox 657 1039 782 1110; x_wconf 83' lang='grc' dir='ltr'><strong><em>ταύτὸν</em></strong></span> <span class='ocrx_word' id='word_1_42' title='bbox 802 1046 849 1130; x_wconf 86' lang='grc' dir='ltr'><strong><em>δέ,</em></strong></span> <span class='ocrx_word' id='word_1_43' title='bbox 873 1048 981 1132; x_wconf 77' lang='grc' dir='ltr'><strong><em>φησὶν</em></strong></span> <span class='ocrx_word' id='word_1_44' title='bbox 997 1043 1015 1114; x_wconf 83' lang='grc' dir='ltr'>ὁ</span> <span class='ocrx_word' id='word_1_45' title='bbox 1032 1054 1238 1136; x_wconf 78' lang='grc' dir='ltr'><strong><em>Δίδυμος,</em></strong></span> 
     </span>
    </p>
   </div>
   <div class='ocr_carea' id='block_1_5' title="bbox 125 1137 1236 1514">
    <p class='ocr_par' dir='ltr' id='par_1_5' title="bbox 127 1137 1236 1240">
     <span class='ocr_line' id='line_1_8' title="bbox 127 1137 1236 1240; baseline 0.01 -34"><span class='ocrx_word' id='word_1_46' title='bbox 127 1137 215 1219; x_wconf 85' lang='grc' dir='ltr'><strong><em>είκός</em></strong></span> <span class='ocrx_word' id='word_1_47' title='bbox 244 1148 369 1208; x_wconf 77' lang='grc' dir='ltr'><strong><em>παθεῖν</em></strong></span> <span class='ocrx_word' id='word_1_48' title='bbox 395 1141 451 1206; x_wconf 84' lang='grc' dir='ltr'><strong><em>καὶ</em></strong></span> <span class='ocrx_word' id='word_1_49' title='bbox 476 1140 537 1207; x_wconf 86' lang='grc' dir='ltr'><strong><em>τὸν</em></strong></span> <span class='ocrx_word' id='word_1_50' title='bbox 566 1139 718 1227; x_wconf 89' lang='grc' dir='ltr'><strong><em>Χρόμιον</em></strong></span> <span class='ocrx_word' id='word_1_51' title='bbox 749 1147 868 1235; x_wconf 78' lang='grc' dir='ltr'><strong><em>ἑταίρῳ</em></strong></span> <span class='ocrx_word' id='word_1_52' title='bbox 901 1151 1107 1235; x_wconf 76' lang='grc' dir='ltr'><strong><em>κεχρημένον</em></strong></span> <span class='ocrx_word' id='word_1_53' title='bbox 1135 1149 1236 1240; x_wconf 78' lang='grc' dir='ltr'><strong><em>αὐτῷ.</em></strong></span> 
     </span>
    </p>

    <p class='ocr_par' dir='ltr' id='par_1_6' title="bbox 125 1243 1236 1514">
     <span class='ocr_line' id='line_1_9' title="bbox 211 1243 1236 1340; baseline 0.01 -32"><span class='ocrx_word' id='word_1_54' title='bbox 211 1244 365 1309; x_wconf 80' lang='lat' dir='ltr'>Fortasse</span> <span class='ocrx_word' id='word_1_55' title='bbox 405 1243 532 1309; x_wconf 76' lang='lat' dir='ltr'>Timaei</span> <span class='ocrx_word' id='word_1_56' title='bbox 570 1247 668 1310; x_wconf 83' lang='lat' dir='ltr'>etiam</span> <span class='ocrx_word' id='word_1_57' title='bbox 710 1251 866 1315; x_wconf 79' lang='lat' dir='ltr'>memoria</span> <span class='ocrx_word' id='word_1_58' title='bbox 903 1253 1048 1340; x_wconf 88' lang='lat' dir='ltr'>Didymo</span> <span class='ocrx_word' id='word_1_59' title='bbox 1088 1254 1236 1318; x_wconf 79' lang='lat' dir='ltr'><strong><em>debetur.</em></strong></span> 
     </span>
     <span class='ocr_line' id='line_1_10' title="bbox 125 1347 1236 1442; baseline 0.009 -32"><span class='ocrx_word' id='word_1_60' title='bbox 125 1347 258 1431; x_wconf 87' lang='lat' dir='ltr'>Dignus</span> <span class='ocrx_word' id='word_1_61' title='bbox 281 1354 346 1428; x_wconf 82' lang='lat' dir='ltr'>est,</span> <span class='ocrx_word' id='word_1_62' title='bbox 371 1348 427 1434; x_wconf 92' lang='lat' dir='ltr'><strong><em>qui</em></strong></span> <span class='ocrx_word' id='word_1_63' title='bbox 447 1348 639 1433; x_wconf 80' lang='lat' dir='ltr'>inspiciatur</span> <span class='ocrx_word' id='word_1_64' title='bbox 659 1348 904 1439; x_wconf 72' lang='lat' dir='ltr'><strong><em>Dissen&#39;expl.</em></strong></span> <span class='ocrx_word' id='word_1_65' title='bbox 925 1354 1021 1421; x_wconf 89' lang='lat' dir='ltr'>Pind.</span> <span class='ocrx_word' id='word_1_66' title='bbox 1040 1377 1072 1440; x_wconf 93' lang='lat' dir='ltr'><strong><em>p.</em></strong></span> <span class='ocrx_word' id='word_1_67' title='bbox 1100 1357 1161 1420; x_wconf 84' lang='grc'><strong><em>384</em></strong></span> <span class='ocrx_word' id='word_1_68' title='bbox 1187 1378 1236 1442; x_wconf 86' lang='lat' dir='ltr'><strong><em>sq.</em></strong></span> 
     </span>
     <span class='ocr_line' id='line_1_11' title="bbox 127 1447 350 1514; baseline -0.009 -1"><span class='ocrx_word' id='word_1_69' title='bbox 127 1447 179 1514; x_wconf 80' lang='lat' dir='ltr'><strong><em>sd.</em></strong></span> <span class='ocrx_word' id='word_1_70' title='bbox 203 1447 350 1512; x_wconf 83' lang='lat' dir='ltr'><strong>Boeckh.</strong></span> 
     </span>
    </p>
   </div>
   <div class='ocr_carea' id='block_1_6' title="bbox 124 1659 1238 2064">
    <p class='ocr_par' dir='ltr' id='par_1_7' title="bbox 124 1659 1238 2064">
     <span class='ocr_line' id='line_1_12' title="bbox 145 1659 1238 1756; baseline 0.012 -30"><span class='ocrx_word' id='word_1_71' title='bbox 145 1663 148 1670; x_wconf 84' lang='lat'>&#39;</span> <span class='ocrx_word' id='word_1_72' title='bbox 209 1664 334 1729; x_wconf 87' lang='lat' dir='ltr'>ibid.7</span> <span class='ocrx_word' id='word_1_73' title='bbox 371 1659 506 1749; x_wconf 86' lang='grc' dir='ltr'><strong><em>Ζηνδς</em></strong></span> <span class='ocrx_word' id='word_1_74' title='bbox 531 1667 743 1734; x_wconf 89' lang='grc' dir='ltr'><strong><em>Αίτναίου</em></strong></span> <span class='ocrx_word' id='word_1_75' title='bbox 771 1664 1238 1756; x_wconf 74' lang='grc' dir='ltr'><strong><em>χάριν·-πιθανδαοάν</em></strong></span> 
     </span>
     <span class='ocr_line' id='line_1_13' title="bbox 126 1759 1238 1860; baseline 0.013 -32"><span class='ocrx_word' id='word_1_76' title='bbox 126 1782 231 1849; x_wconf 90' lang='grc' dir='ltr'><strong><em>φησιν</em></strong></span> <span class='ocrx_word' id='word_1_77' title='bbox 263 1759 281 1830; x_wconf 82' lang='grc' dir='ltr'><strong><em>δ</em></strong></span> <span class='ocrx_word' id='word_1_78' title='bbox 313 1767 506 1851; x_wconf 76' lang='grc' dir='ltr'><strong><em>Δίδυμος</em></strong></span> <span class='ocrx_word' id='word_1_79' title='bbox 539 1765 593 1831; x_wconf 83' lang='grc' dir='ltr'><strong><em>καλ</em></strong></span> <span class='ocrx_word' id='word_1_80' title='bbox 626 1765 686 1835; x_wconf 84' lang='grc' dir='ltr'><strong><em>τὸν</em></strong></span> <span class='ocrx_word' id='word_1_81' title='bbox 714 1771 779 1837; x_wconf 74' lang='grc' dir='ltr'><strong><em>έπλΙ</em></strong></span> <span class='ocrx_word' id='word_1_82' title='bbox 796 1777 855 1857; x_wconf 88' lang='grc' dir='ltr'><strong><em>τῆς</em></strong></span> <span class='ocrx_word' id='word_1_83' title='bbox 882 1778 1035 1860; x_wconf 86' lang='grc' dir='ltr'><strong><em>Χρομίου</em></strong></span> <span class='ocrx_word' id='word_1_84' title='bbox 1061 1780 1238 1860; x_wconf 79' lang='grc' dir='ltr'><strong><em>Νεμεακῆς</em></strong></span> 
     </span>
     <span class='ocr_line' id='line_1_14' title="bbox 125 1866 1237 1961; baseline 0.011 -30"><span class='ocrx_word' id='word_1_85' title='bbox 125 1872 219 1951; x_wconf 84' lang='grc' dir='ltr'><strong><em>νίκης</em></strong></span> <span class='ocrx_word' id='word_1_86' title='bbox 246 1867 401 1932; x_wconf 79' lang='grc' dir='ltr'><strong><em>ἐπίνικον</em></strong></span> <span class='ocrx_word' id='word_1_87' title='bbox 428 1866 528 1933; x_wconf 77' lang='grc' dir='ltr'><strong><em>ἕνεκα</em></strong></span> <span class='ocrx_word' id='word_1_88' title='bbox 553 1867 677 1936; x_wconf 83' lang='grc' dir='ltr'><strong><em>τούτου</em></strong></span> <span class='ocrx_word' id='word_1_89' title='bbox 698 1873 938 1960; x_wconf 87' lang='grc' dir='ltr'><strong><em>συντετάχθαι,</em></strong></span> <span class='ocrx_word' id='word_1_90' title='bbox 970 1871 1056 1961; x_wconf 67' lang='grc' dir='ltr'><strong><em>ὑπὲρ</em></strong></span> <span class='ocrx_word' id='word_1_91' title='bbox 1077 1880 1140 1942; x_wconf 83' lang='grc' dir='ltr'><strong><em>τοῦ</em></strong></span> <span class='ocrx_word' id='word_1_92' title='bbox 1157 1877 1237 1960; x_wconf 86' lang='grc' dir='ltr'><strong><em>μέλ-</em></strong></span> 
     </span>
     <span class='ocr_line' id='line_1_15' title="bbox 124 1963 996 2064; baseline 0.009 -30"><span class='ocrx_word' id='word_1_93' title='bbox 124 1974 197 2035; x_wconf 88' lang='grc' dir='ltr'><strong><em>λειν</em></strong></span> <span class='ocrx_word' id='word_1_94' title='bbox 215 1964 320 2034; x_wconf 80' lang='grc' dir='ltr'><strong><em>αὐτόν</em></strong></span> <span class='ocrx_word' id='word_1_95' title='bbox 340 1963 427 2052; x_wconf 73' lang='grc' dir='ltr'><strong><em>ὑπὲρ</em></strong></span> <span class='ocrx_word' id='word_1_96' title='bbox 450 1975 507 2053; x_wconf 88' lang='grc' dir='ltr'><strong><em>τῆς</em></strong></span> <span class='ocrx_word' id='word_1_97' title='bbox 528 1968 760 2058; x_wconf 77' lang='grc' dir='ltr'><strong><em>πανηγύρεως</em></strong></span> <span class='ocrx_word' id='word_1_98' title='bbox 772 1970 996 2064; x_wconf 77' lang='grc' dir='ltr'><strong><em>άσθῆσεσθαι.</em></strong></span> 
     </span>
    </p>
   </div>
   <div class='ocr_carea' id='block_1_7' title="bbox 124 2145 1236 2754">
    <p class='ocr_par' dir='ltr' id='par_1_8' title="bbox 124 2145 1236 2753">
     <span class='ocr_line' id='line_1_16' title="bbox 649 2145 700 2206; baseline 0 0"><span class='ocrx_word' id='word_1_99' title='bbox 649 2145 700 2206; x_wconf 84' lang='grc'><strong><em>35.</em></strong></span> 
     </span>
     <span class='ocr_line' id='line_1_17' title="bbox 207 2255 1236 2383; baseline 0.006 -61"><span class='ocrx_word' id='word_1_100' title='bbox 207 2259 288 2323; x_wconf 89' lang='lat' dir='ltr'>ibid.</span> <span class='ocrx_word' id='word_1_101' title='bbox 312 2261 352 2322; x_wconf 91' lang='grc'><strong><em>36</em></strong></span> <span class='ocrx_word' id='word_1_102' title='bbox 389 2257 529 2342; x_wconf 81' lang='grc' dir='ltr'><strong><em>τέχναι</em></strong></span> <span class='ocrx_word' id='word_1_103' title='bbox 563 2255 596 2323; x_wconf 92' lang='grc' dir='ltr'><strong><em>δ’</em></strong></span> <span class='ocrx_word' id='word_1_104' title='bbox 631 2256 781 2342; x_wconf 81' lang='grc' dir='ltr'><strong><em>ἑτέρων</em></strong></span> <span class='ocrx_word' id='word_1_105' title='bbox 815 2261 970 2347; x_wconf 80' lang='grc' dir='ltr'><strong><em>ἕτεραι·</em></strong></span> <span class='ocrx_word' id='word_1_106' title='bbox 994 2302 1037 2312; x_wconf 91' lang='lat'><strong><em>-—</em></strong></span> <span class='ocrx_word' id='word_1_107' title='bbox 1061 2256 1082 2346; x_wconf 92' lang='grc' dir='ltr'><strong><em>ῆ</em></strong></span> <span class='ocrx_word' id='word_1_108' title='bbox 1109 2263 1236 2383; x_wconf 82' lang='grc' dir='ltr'><strong><em>τέχνας,</em></strong></span> 
     </span>
     <span class='ocr_line' id='line_1_18' title="bbox 124 2352 1236 2482; baseline 0.004 -58"><span class='ocrx_word' id='word_1_109' title='bbox 124 2354 268 2482; x_wconf 66' lang='grc' dir='ltr'><strong><em>φησλυ“</em></strong></span> <span class='ocrx_word' id='word_1_110' title='bbox 255 2383 272 2424; x_wconf 95' lang='grc' dir='ltr'><strong><em>ο</em></strong></span> <span class='ocrx_word' id='word_1_111' title='bbox 296 2360 501 2442; x_wconf 78' lang='grc' dir='ltr'><strong><em>Δίδυμος,</em></strong></span> <span class='ocrx_word' id='word_1_112' title='bbox 533 2352 719 2426; x_wconf 85' lang='grc' dir='ltr'><strong><em>άκουστέον</em></strong></span> <span class='ocrx_word' id='word_1_113' title='bbox 740 2386 821 2440; x_wconf 88' lang='grc' dir='ltr'><strong><em>τους</em></strong></span> <span class='ocrx_word' id='word_1_114' title='bbox 843 2360 982 2447; x_wconf 82' lang='grc' dir='ltr'><strong><em>δόλους,</em></strong></span> <span class='ocrx_word' id='word_1_115' title='bbox 1016 2356 1101 2430; x_wconf 84' lang='grc' dir='ltr'><strong><em>ὅθεν</em></strong></span> <span class='ocrx_word' id='word_1_116' title='bbox 1123 2361 1232 2428; x_wconf 77' lang='grc' dir='ltr'><strong><em>καὶ</em></strong></span> <span class='ocrx_word' id='word_1_117' title='bbox 1198 2388 1236 2429; x_wconf 90' lang='grc' dir='ltr'><strong><em>το</em></strong></span> 
     </span>
     <span class='ocr_line' id='line_1_19' title="bbox 125 2454 1234 2566; baseline 0.005 -40"><span class='ocrx_word' id='word_1_118' title='bbox 125 2456 270 2546; x_wconf 85' lang='grc' dir='ltr'><strong><em>άτεχνως</em></strong></span> <span class='ocrx_word' id='word_1_119' title='bbox 292 2456 381 2550; x_wconf 89' lang='grc' dir='ltr'><strong><em>παρά</em></strong></span> <span class='ocrx_word' id='word_1_120' title='bbox 405 2470 474 2537; x_wconf 86' lang='grc' dir='ltr'><strong><em>τοῖς</em></strong></span> <span class='ocrx_word' id='word_1_121' title='bbox 493 2454 668 2540; x_wconf 87' lang='grc' dir='ltr'><strong><em>’Δττικοῖς</em></strong></span> <span class='ocrx_word' id='word_1_122' title='bbox 694 2458 791 2530; x_wconf 85' lang='grc' dir='ltr'><strong><em>άλλαι</em></strong></span> <span class='ocrx_word' id='word_1_123' title='bbox 813 2459 846 2529; x_wconf 90' lang='grc' dir='ltr'><strong><em>δ’</em></strong></span> <span class='ocrx_word' id='word_1_124' title='bbox 870 2459 983 2566; x_wconf 74' lang='grc' dir='ltr'><strong><em>ἄλλων</em></strong></span> <span class='ocrx_word' id='word_1_125' title='bbox 1001 2463 1234 2550; x_wconf 81' lang='grc' dir='ltr'><strong><em>ἐπιτεχνήσεις.</em></strong></span> 
     </span>
     <span class='ocr_line' id='line_1_20' title="bbox 126 2555 838 2654; baseline 0.004 -26"><span class='ocrx_word' id='word_1_126' title='bbox 126 2570 253 2648; x_wconf 77' lang='grc' dir='ltr'><strong><em>εἴρηται</em></strong></span> <span class='ocrx_word' id='word_1_127' title='bbox 275 2560 311 2629; x_wconf 90' lang='grc' dir='ltr'><strong><em>δε</em></strong></span> <span class='ocrx_word' id='word_1_128' title='bbox 333 2558 441 2646; x_wconf 84' lang='grc' dir='ltr'><strong><em>παρά</em></strong></span> <span class='ocrx_word' id='word_1_129' title='bbox 447 2555 484 2627; x_wconf 85' lang='grc' dir='ltr'><strong><em>τό</em></strong></span> <span class='ocrx_word' id='word_1_130' title='bbox 501 2556 650 2647; x_wconf 89' lang='grc' dir='ltr'><strong><em>Ομῆρου</em></strong></span> <span class='ocrx_word' id='word_1_131' title='bbox 673 2570 723 2654; x_wconf 87' lang='lat' dir='ltr'><strong><em>(N</em></strong></span> <span class='ocrx_word' id='word_1_132' title='bbox 744 2567 838 2649; x_wconf 74' lang='lat'>730)-</span> 
     </span>
     <span class='ocr_line' id='line_1_21' title="bbox 253 2661 1040 2754; baseline -0.001 -23"><span class='ocrx_word' id='word_1_133' title='bbox 253 2663 343 2754; x_wconf 85' lang='grc' dir='ltr'><strong><em>άλλφ</em></strong></span> <span class='ocrx_word' id='word_1_134' title='bbox 362 2661 486 2750; x_wconf 76' lang='grc' dir='ltr'><strong><em>μὲν</em></strong></span> <span class='ocrx_word' id='word_1_135' title='bbox 447 2691 511 2752; x_wconf 82' lang='grc' dir='ltr'><strong><em>χαρ</em></strong></span> <span class='ocrx_word' id='word_1_136' title='bbox 534 2669 639 2733; x_wconf 80' lang='grc' dir='ltr'><strong><em>ἔδωκε</em></strong></span> <span class='ocrx_word' id='word_1_137' title='bbox 660 2663 742 2746; x_wconf 84' lang='grc' dir='ltr'><strong><em>θεὸς</em></strong></span> <span class='ocrx_word' id='word_1_138' title='bbox 765 2665 928 2753; x_wconf 85' lang='grc' dir='ltr'><strong><em>πολεμῆῖα</em></strong></span> <span class='ocrx_word' id='word_1_139' title='bbox 950 2669 1040 2752; x_wconf 75' lang='grc' dir='ltr'><strong><em>ἔργα.</em></strong></span> 
     </span>
    </p>
   </div>
   <div class='ocr_carea' id='block_1_8' title="bbox 621 2840 707 2901">
    <p class='ocr_par' dir='ltr' id='par_1_9' title="bbox 621 2840 707 2901">
     <span class='ocr_line' id='line_1_22' title="bbox 621 2840 707 2901; baseline 0.012 -1"><span class='ocrx_word' id='word_1_140' title='bbox 621 2897 622 2900; x_wconf 74' lang='grc'><strong><em>,</em></strong></span> <span class='ocrx_word' id='word_1_141' title='bbox 656 2840 707 2901; x_wconf 91' lang='grc'><strong><em>36.</em></strong></span> 
     </span>
    </p>
   </div>
   <div class='ocr_carea' id='block_1_9' title="bbox 75 2949 1239 4336">
    <p class='ocr_par' dir='ltr' id='par_1_10' title="bbox 75 2949 1239 4336">
     <span class='ocr_line' id='line_1_23' title="bbox 75 2949 1235 3042; baseline 0.003 -24"><span class='ocrx_word' id='word_1_142' title='bbox 75 3035 79 3042; x_wconf 90' lang='lat'><strong>.</strong></span> <span class='ocrx_word' id='word_1_143' title='bbox 206 2955 300 3020; x_wconf 85' lang='lat' dir='ltr'><strong>Nem.</strong></span> <span class='ocrx_word' id='word_1_144' title='bbox 325 2959 354 3020; x_wconf 89' lang='grc' dir='ltr'><strong>Β</strong></span> <span class='ocrx_word' id='word_1_145' title='bbox 373 2957 410 3018; x_wconf 85' lang='grc'><strong><em>19</em></strong></span> <span class='ocrx_word' id='word_1_146' title='bbox 425 2977 458 3040; x_wconf 90' lang='lat' dir='ltr'><strong><em>p.</em></strong></span> <span class='ocrx_word' id='word_1_147' title='bbox 475 2957 537 3020; x_wconf 86' lang='grc'><strong><em>438</em></strong></span> <span class='ocrx_word' id='word_1_148' title='bbox 555 2958 712 3038; x_wconf 73' lang='grc' dir='ltr'><strong><em>ζητεῖται,</em></strong></span> <span class='ocrx_word' id='word_1_149' title='bbox 732 2949 789 3020; x_wconf 83' lang='grc' dir='ltr'><strong><em>διὰ</em></strong></span> <span class='ocrx_word' id='word_1_150' title='bbox 810 2956 845 3018; x_wconf 89' lang='grc' dir='ltr'><strong><em>τί</em></strong></span> <span class='ocrx_word' id='word_1_151' title='bbox 864 2949 987 3036; x_wconf 87' lang='grc' dir='ltr'><strong><em>δῆποτε</em></strong></span> <span class='ocrx_word' id='word_1_152' title='bbox 1008 2951 1048 3020; x_wconf 82' lang='grc' dir='ltr'><strong><em>τὰ</em></strong></span> <span class='ocrx_word' id='word_1_153' title='bbox 1069 2955 1146 3040; x_wconf 80' lang='grc' dir='ltr'><strong><em>περὶ</em></strong></span> <span class='ocrx_word' id='word_1_154' title='bbox 1159 2963 1235 3022; x_wconf 74' lang='grc' dir='ltr'><strong><em>ΙΣα·</em></strong></span> 
     </span>
     <span class='ocr_line' id='line_1_24' title="bbox 123 3050 1234 3145; baseline 0.002 -23"><span class='ocrx_word' id='word_1_155' title='bbox 123 3061 245 3138; x_wconf 84' lang='grc' dir='ltr'><strong><em>λαμῖνα</em></strong></span> <span class='ocrx_word' id='word_1_156' title='bbox 269 3059 315 3132; x_wconf 84' lang='grc' dir='ltr'><strong><em>είς</em></strong></span> <span class='ocrx_word' id='word_1_157' title='bbox 333 3053 412 3134; x_wconf 84' lang='grc' dir='ltr'><strong><em>τούς</em></strong></span> <span class='ocrx_word' id='word_1_158' title='bbox 435 3057 512 3141; x_wconf 80' lang='grc' dir='ltr'><strong><em>περὶ</em></strong></span> <span class='ocrx_word' id='word_1_159' title='bbox 535 3050 728 3141; x_wconf 90' lang='grc' dir='ltr'><strong><em>Τιμόδημον</em></strong></span> <span class='ocrx_word' id='word_1_160' title='bbox 747 3050 870 3138; x_wconf 83' lang='grc' dir='ltr'><strong><em>λόγους</em></strong></span> <span class='ocrx_word' id='word_1_161' title='bbox 888 3057 1062 3137; x_wconf 89' lang='grc' dir='ltr'><strong><em>προῆκται.</em></strong></span> <span class='ocrx_word' id='word_1_162' title='bbox 1104 3052 1146 3123; x_wconf 83' lang='grc' dir='ltr'><strong><em>οὐ</em></strong></span> <span class='ocrx_word' id='word_1_163' title='bbox 1171 3054 1234 3145; x_wconf 84' lang='grc' dir='ltr'><strong><em>γάρ</em></strong></span> 
     </span>
     <span class='ocr_line' id='line_1_25' title="bbox 124 3149 1237 3244; baseline 0.003 -22"><span class='ocrx_word' id='word_1_164' title='bbox 124 3153 237 3239; x_wconf 89' lang='grc' dir='ltr'><strong><em>δῆπου</em></strong></span> <span class='ocrx_word' id='word_1_165' title='bbox 260 3161 465 3241; x_wconf 73' lang='grc' dir='ltr'><strong><em>Σαλαμίνιος</em></strong></span> <span class='ocrx_word' id='word_1_166' title='bbox 485 3149 539 3242; x_wconf 91' lang='grc' dir='ltr'><strong><em>ῆν.</em></strong></span> <span class='ocrx_word' id='word_1_167' title='bbox 579 3153 740 3241; x_wconf 78' lang='grc' dir='ltr'><strong><em>ἄντικρυς</em></strong></span> <span class='ocrx_word' id='word_1_168' title='bbox 768 3153 831 3241; x_wconf 80' lang='grc' dir='ltr'><strong><em>γὰρ</em></strong></span> <span class='ocrx_word' id='word_1_169' title='bbox 853 3150 959 3221; x_wconf 81' lang='grc' dir='ltr'><strong><em>αὐτὸν</em></strong></span> <span class='ocrx_word' id='word_1_170' title='bbox 974 3149 1133 3242; x_wconf 83' lang='grc' dir='ltr'><strong><em>Ἀχαρνέα</em></strong></span> <span class='ocrx_word' id='word_1_171' title='bbox 1153 3161 1237 3244; x_wconf 81' lang='grc' dir='ltr'><strong><em>φησί</em></strong></span> 
     </span>
     <span class='ocr_line' id='line_1_26' title="bbox 124 3247 1237 3345; baseline 0.004 -24"><span class='ocrx_word' id='word_1_172' title='bbox 124 3254 185 3322; x_wconf 86' lang='grc' dir='ltr'><strong><em>τὸν</em></strong></span> <span class='ocrx_word' id='word_1_173' title='bbox 208 3259 328 3341; x_wconf 91' lang='grc' dir='ltr'><strong><em>δῆμον.</em></strong></span> <span class='ocrx_word' id='word_1_174' title='bbox 371 3253 638 3343; x_wconf 86' lang='grc' dir='ltr'><strong><em>Ἀρίσταρχος</em></strong></span> <span class='ocrx_word' id='word_1_175' title='bbox 662 3257 724 3344; x_wconf 77' lang='grc' dir='ltr'><strong><em>μὲν</em></strong></span> <span class='ocrx_word' id='word_1_176' title='bbox 751 3247 816 3324; x_wconf 76' lang='grc' dir='ltr'><strong><em>οὖν</em></strong></span> <span class='ocrx_word' id='word_1_177' title='bbox 844 3262 901 3341; x_wconf 88' lang='grc' dir='ltr'><strong><em>τῆς</em></strong></span> <span class='ocrx_word' id='word_1_178' title='bbox 926 3259 1105 3336; x_wconf 77' lang='grc' dir='ltr'><strong><em>Αἰαντίδος</em></strong></span> <span class='ocrx_word' id='word_1_179' title='bbox 1127 3265 1237 3345; x_wconf 80' lang='grc' dir='ltr'><strong><em>φυλῆς</em></strong></span> 
     </span>
     <span class='ocr_line' id='line_1_27' title="bbox 126 3353 1236 3446; baseline 0.004 -24"><span class='ocrx_word' id='word_1_180' title='bbox 126 3353 222 3442; x_wconf 83' lang='grc' dir='ltr'><strong><em>εἶναι,</em></strong></span> <span class='ocrx_word' id='word_1_181' title='bbox 245 3354 310 3424; x_wconf 78' lang='grc' dir='ltr'><strong><em>οὐκ</em></strong></span> <span class='ocrx_word' id='word_1_182' title='bbox 332 3355 447 3446; x_wconf 72' lang='grc' dir='ltr'><strong><em>ὀρθῶς</em></strong></span> <span class='ocrx_word' id='word_1_183' title='bbox 468 3360 516 3446; x_wconf 87' lang='grc' dir='ltr'><strong><em>δέ,</em></strong></span> <span class='ocrx_word' id='word_1_184' title='bbox 539 3364 652 3445; x_wconf 89' lang='grc' dir='ltr'><strong><em>φησίν.</em></strong></span> <span class='ocrx_word' id='word_1_185' title='bbox 676 3361 712 3426; x_wconf 76' lang='lat' dir='ltr'><strong><em>ot</em></strong></span> <span class='ocrx_word' id='word_1_186' title='bbox 730 3355 793 3445; x_wconf 83' lang='grc' dir='ltr'><strong><em>γάρ</em></strong></span> <span class='ocrx_word' id='word_1_187' title='bbox 814 3354 981 3444; x_wconf 89' lang='grc' dir='ltr'><strong><em>Ἀχαρνεῖς</em></strong></span> <span class='ocrx_word' id='word_1_188' title='bbox 1003 3363 1061 3443; x_wconf 91' lang='grc' dir='ltr'><strong><em>τῆς</em></strong></span> <span class='ocrx_word' id='word_1_189' title='bbox 1077 3363 1236 3444; x_wconf 82' lang='grc' dir='ltr'><strong><em>Οίνηίδος</em></strong></span> 
     </span>
     <span class='ocr_line' id='line_1_28' title="bbox 125 3447 1237 3554; baseline 0.003 -30"><span class='ocrx_word' id='word_1_190' title='bbox 125 3447 236 3544; x_wconf 84' lang='grc' dir='ltr'><strong><em>φυλῆς</em></strong></span> <span class='ocrx_word' id='word_1_191' title='bbox 255 3463 350 3526; x_wconf 89' lang='grc' dir='ltr'><strong><em>είσιν.</em></strong></span> <span class='ocrx_word' id='word_1_192' title='bbox 372 3462 412 3526; x_wconf 91' lang='grc' dir='ltr'><strong><em>οί</em></strong></span> <span class='ocrx_word' id='word_1_193' title='bbox 431 3458 475 3527; x_wconf 73' lang='grc' dir='ltr'><strong><em>δὲ</em></strong></span> <span class='ocrx_word' id='word_1_194' title='bbox 496 3463 589 3554; x_wconf 78' lang='grc' dir='ltr'><strong><em>περὶ</em></strong></span> <span class='ocrx_word' id='word_1_195' title='bbox 606 3456 921 3545; x_wconf 89' lang='grc' dir='ltr'><strong><em>Ἀσκληπιάδην</em></strong></span> <span class='ocrx_word' id='word_1_196' title='bbox 942 3465 1057 3545; x_wconf 88' lang='grc' dir='ltr'><strong><em>φασίν,</em></strong></span> <span class='ocrx_word' id='word_1_197' title='bbox 1080 3456 1133 3526; x_wconf 84' lang='grc' dir='ltr'><strong><em>ὅτι</em></strong></span> <span class='ocrx_word' id='word_1_198' title='bbox 1148 3460 1237 3540; x_wconf 87' lang='grc' dir='ltr'><strong><em>είκός</em></strong></span> 
     </span>
     <span class='ocr_line' id='line_1_29' title="bbox 125 3556 1237 3647; baseline 0.003 -22"><span class='ocrx_word' id='word_1_199' title='bbox 125 3560 216 3625; x_wconf 84' lang='grc' dir='ltr'><strong><em>ἐστιν</em></strong></span> <span class='ocrx_word' id='word_1_200' title='bbox 237 3556 322 3626; x_wconf 83' lang='grc' dir='ltr'><strong><em>εἶναι</em></strong></span> <span class='ocrx_word' id='word_1_201' title='bbox 338 3559 445 3628; x_wconf 81' lang='grc' dir='ltr'><strong><em>αὐτὸν</em></strong></span> <span class='ocrx_word' id='word_1_202' title='bbox 461 3567 529 3629; x_wconf 77' lang='grc' dir='ltr'><strong><em>των</em></strong></span> <span class='ocrx_word' id='word_1_203' title='bbox 545 3560 607 3646; x_wconf 88' lang='grc' dir='ltr'><strong><em>τῆν</em></strong></span> <span class='ocrx_word' id='word_1_204' title='bbox 622 3568 797 3647; x_wconf 86' lang='grc' dir='ltr'><strong><em>Σαλαμῖνα</em></strong></span> <span class='ocrx_word' id='word_1_205' title='bbox 817 3559 1121 3645; x_wconf 84' lang='grc' dir='ltr'><strong><em>κληρουχησάντων</em></strong></span> <span class='ocrx_word' id='word_1_206' title='bbox 1134 3557 1237 3646; x_wconf 86' lang='grc' dir='ltr'><strong><em>Ἀθη-</em></strong></span> 
     </span>
     <span class='ocr_line' id='line_1_30' title="bbox 124 3654 1236 3748; baseline 0.003 -23"><span class='ocrx_word' id='word_1_207' title='bbox 124 3664 240 3726; x_wconf 88' lang='grc' dir='ltr'><strong><em>ναίωυ.</em></strong></span> <span class='ocrx_word' id='word_1_208' title='bbox 286 3661 375 3742; x_wconf 86' lang='grc' dir='ltr'><strong><em>είκδς</em></strong></span> <span class='ocrx_word' id='word_1_209' title='bbox 403 3654 468 3729; x_wconf 77' lang='grc' dir='ltr'><strong><em>οὖν</em></strong></span> <span class='ocrx_word' id='word_1_210' title='bbox 496 3659 602 3730; x_wconf 79' lang='grc' dir='ltr'><strong><em>αὐτόν</em></strong></span> <span class='ocrx_word' id='word_1_211' title='bbox 625 3664 834 3748; x_wconf 75' lang='grc' dir='ltr'><strong><em>γεννηθέντα</em></strong></span> <span class='ocrx_word' id='word_1_212' title='bbox 854 3655 1016 3745; x_wconf 88' lang='grc' dir='ltr'><strong><em>Ἀθῆνησι</em></strong></span> <span class='ocrx_word' id='word_1_213' title='bbox 1041 3659 1236 3746; x_wconf 80' lang='grc' dir='ltr'><strong><em>τεθράφθαι</em></strong></span> 
     </span>
     <span class='ocr_line' id='line_1_31' title="bbox 122 3757 1236 3850; baseline 0 -23"><span class='ocrx_word' id='word_1_214' title='bbox 122 3763 160 3828; x_wconf 84' lang='grc' dir='ltr'><strong><em>ἐν</em></strong></span> <span class='ocrx_word' id='word_1_215' title='bbox 175 3768 358 3846; x_wconf 78' lang='grc' dir='ltr'><strong><em>Σαλαμῖνι·</em></strong></span> <span class='ocrx_word' id='word_1_216' title='bbox 379 3768 567 3850; x_wconf 90' lang='grc' dir='ltr'><strong><em>Δίδυμος</em></strong></span> <span class='ocrx_word' id='word_1_217' title='bbox 586 3763 624 3830; x_wconf 90' lang='grc' dir='ltr'><strong><em>δέ</em></strong></span> <span class='ocrx_word' id='word_1_218' title='bbox 645 3783 761 3848; x_wconf 89' lang='grc' dir='ltr'><strong><em>φησιν,</em></strong></span> <span class='ocrx_word' id='word_1_219' title='bbox 783 3757 836 3829; x_wconf 84' lang='grc' dir='ltr'><strong><em>ὅτι</em></strong></span> <span class='ocrx_word' id='word_1_220' title='bbox 859 3769 938 3840; x_wconf 85' lang='grc' dir='ltr'><strong><em>ίσως</em></strong></span> <span class='ocrx_word' id='word_1_221' title='bbox 960 3758 1099 3847; x_wconf 87' lang='grc' dir='ltr'><strong><em>άμεινον</em></strong></span> <span class='ocrx_word' id='word_1_222' title='bbox 1114 3765 1236 3849; x_wconf 84' lang='grc' dir='ltr'><strong><em>λέγειν,</em></strong></span> 
     </span>
     <span class='ocr_line' id='line_1_32' title="bbox 125 3857 1236 3952; baseline 0.003 -25"><span class='ocrx_word' id='word_1_223' title='bbox 125 3857 177 3928; x_wconf 86' lang='grc' dir='ltr'><strong><em>ὅτι</em></strong></span> <span class='ocrx_word' id='word_1_224' title='bbox 200 3866 245 3941; x_wconf 89' lang='grc' dir='ltr'><strong><em>είς</em></strong></span> <span class='ocrx_word' id='word_1_225' title='bbox 264 3871 394 3932; x_wconf 88' lang='grc' dir='ltr'><strong><em>Αίαντα</em></strong></span> <span class='ocrx_word' id='word_1_226' title='bbox 416 3864 561 3952; x_wconf 89' lang='grc' dir='ltr'><strong><em>άνέφερε</em></strong></span> <span class='ocrx_word' id='word_1_227' title='bbox 578 3861 615 3931; x_wconf 90' lang='grc' dir='ltr'><strong><em>τδ</em></strong></span> <span class='ocrx_word' id='word_1_228' title='bbox 638 3868 746 3950; x_wconf 79' lang='grc' dir='ltr'><strong><em>γένος,</em></strong></span> <span class='ocrx_word' id='word_1_229' title='bbox 770 3859 882 3948; x_wconf 64' lang='grc' dir='ltr'><strong><em>οἵσπερ</em></strong></span> <span class='ocrx_word' id='word_1_230' title='bbox 901 3864 956 3929; x_wconf 80' lang='grc' dir='ltr'><strong><em>καὶ</em></strong></span> <span class='ocrx_word' id='word_1_231' title='bbox 971 3861 1160 3948; x_wconf 88' lang='grc' dir='ltr'><strong><em>Μιλτιάδης</em></strong></span> <span class='ocrx_word' id='word_1_232' title='bbox 1181 3866 1236 3930; x_wconf 78' lang='grc' dir='ltr'><strong><em>καί</em></strong></span> 
     </span>
     <span class='ocr_line' id='line_1_33' title="bbox 125 3955 1235 4054; baseline 0.001 -25"><span class='ocrx_word' id='word_1_233' title='bbox 125 3967 245 4048; x_wconf 84' lang='grc' dir='ltr'><strong><em>Κίμων</em></strong></span> <span class='ocrx_word' id='word_1_234' title='bbox 274 3966 329 4033; x_wconf 84' lang='grc' dir='ltr'><strong><em>καλ</em></strong></span> <span class='ocrx_word' id='word_1_235' title='bbox 359 3965 569 4054; x_wconf 79' lang='grc' dir='ltr'><strong><em>Ἁλκιβιάδης</em></strong></span> <span class='ocrx_word' id='word_1_236' title='bbox 600 3968 655 4032; x_wconf 80' lang='grc' dir='ltr'><strong><em>καὶ</em></strong></span> <span class='ocrx_word' id='word_1_237' title='bbox 681 3967 894 4048; x_wconf 81' lang='grc' dir='ltr'><strong><em>Θουκυδίδης</em></strong></span> <span class='ocrx_word' id='word_1_238' title='bbox 922 3960 939 4029; x_wconf 86' lang='grc' dir='ltr'>ὁ</span> <span class='ocrx_word' id='word_1_239' title='bbox 971 3961 1189 4048; x_wconf 76' lang='grc' dir='ltr'><strong><em>συγγραφεὺς</em></strong></span> <span class='ocrx_word' id='word_1_240' title='bbox 1217 3955 1235 4030; x_wconf 84' lang='grc' dir='ltr'><strong>ὁ</strong></span> 
     </span>
     <span class='ocr_line' id='line_1_34' title="bbox 121 4059 274 4147; baseline 0.013 -18"><span class='ocrx_word' id='word_1_241' title='bbox 121 4059 274 4147; x_wconf 86' lang='grc' dir='ltr'><strong><em>Ὀλόρου.</em></strong></span> 
     </span>
     <span class='ocr_line' id='line_1_35' title="bbox 212 4164 1239 4259; baseline 0.005 -30"><span class='ocrx_word' id='word_1_242' title='bbox 212 4166 264 4230; x_wconf 84' lang='lat' dir='ltr'><strong><em>cf.</em></strong></span> <span class='ocrx_word' id='word_1_243' title='bbox 292 4166 370 4232; x_wconf 88' lang='lat' dir='ltr'>libri</span> <span class='ocrx_word' id='word_1_244' title='bbox 397 4169 500 4234; x_wconf 87' lang='lat' dir='ltr'>nostri</span> <span class='ocrx_word' id='word_1_245' title='bbox 527 4191 598 4259; x_wconf 78' lang='lat' dir='ltr'><strong>cap.</strong></span> <span class='ocrx_word' id='word_1_246' title='bbox 620 4172 661 4232; x_wconf 82' lang='lat'><strong><em>27</em></strong></span> <span class='ocrx_word' id='word_1_247' title='bbox 687 4191 719 4236; x_wconf 93' lang='lat' dir='ltr'><strong><em>n.</em></strong></span> <span class='ocrx_word' id='word_1_248' title='bbox 744 4171 781 4255; x_wconf 87' lang='grc'><strong><em>6,</em></strong></span> <span class='ocrx_word' id='word_1_249' title='bbox 815 4168 873 4234; x_wconf 87' lang='lat' dir='ltr'><strong><em>ubi</em></strong></span> <span class='ocrx_word' id='word_1_250' title='bbox 903 4167 1027 4234; x_wconf 78' lang='lat' dir='ltr'>conieci</span> <span class='ocrx_word' id='word_1_251' title='bbox 1059 4169 1178 4256; x_wconf 87' lang='grc' dir='ltr'><strong><em>Κίμων</em></strong></span> <span class='ocrx_word' id='word_1_252' title='bbox 1203 4164 1239 4234; x_wconf 82' lang='lat' dir='ltr'><strong><em>oc</em></strong></span> 
     </span>
     <span class='ocr_line' id='line_1_36' title="bbox 121 4262 319 4336; baseline 0.03 -6"><span class='ocrx_word' id='word_1_253' title='bbox 121 4262 319 4336; x_wconf 83' lang='grc' dir='ltr'><strong><em>Δακκιάδαι.</em></strong></span> 
     </span>
    </p>
   </div>
   <div class='ocr_carea' id='block_1_10' title="bbox 0 0 1452 4890">
    <p class='ocr_par' dir='ltr' id='par_1_11' title="bbox 0 0 1452 4890">
     <span class='ocr_line' id='line_1_37' title="bbox 0 0 1452 4890; baseline 0 0"><span class='ocrx_word' id='word_1_254' title='bbox 0 0 1452 4890; x_wconf 95' lang='lat' dir='ltr'><strong><em> </em></strong></span> 
     </span>
    </p>
   </div>
  </div>
 </body>
</html>
