2866 4882
1151 367 1213 434 333

99 542 169 606 thei
183 561 302 606 nomen
313 540 453 606 inditum
475 542 583 624 fuerit,
605 542 704 628 inque
724 541 964 605 matrimonium
988 540 1122 603 duxisse
1136 561 1215 607 uxo-

102 663 170 706 rem
194 664 211 706 e
234 643 388 728 prosapia
409 642 500 708 Olori
525 642 686 707 Thraciae
707 643 807 726 regis,
825 640 858 706 h.
883 661 914 704 e..
933 639 1034 704 filiam
1054 639 1214 708 Miltiadis

104 752 136 809 et
156 742 395 829 Hegesipyles,
426 743 571 824 Cimonis
589 765 737 808 sororem
760 743 916 806 maiorem
942 749 1031 806 natu.
1078 741 1215 808 Constat

103 845 188 908 enim
219 844 364 909 Miltiadi
393 844 621 930 Hegesipylen
655 846 806 931 nupsisse
842 865 872 906 a.
901 846 1009 930 515s4,
1045 844 1214 910 Cimonem

102 967 180 1011 vero
202 953 278 1010 ante
299 967 329 1010 a.
352 949 413 1009 504
439 944 544 1010 lucem
565 968 633 1011 non
660 946 793 1009 vidisse.
837 945 947 1031 Atque
965 944 1086 1010 filiolae
1108 947 1214 1028 huius,

103 1049 139 1112 ni
169 1046 281 1127 fallor,
313 1045 526 1110 Marcellinus
554 1050 584 1127 ξ.
618 1049 656 1108 12
688 1047 850 1128 meminit,
884 1045 1044 1113 vocabulo
1078 1051 1214 1114 τιαιδίον

102 1169 192 1229 usus,
214 1147 302 1234 quod
324 1147 365 1210 de
383 1146 520 1211 Cimone
538 1169 603 1212 non
624 1157 732 1235 potest
751 1146 910 1232 intellegi.
954 1147 1070 1237 Itaque
1086 1150 1214 1238 Thu⁰y÷

104 1249 197 1314 dides
220 1270 256 1312 re
278 1269 357 1314 vera
375 1241 561 1330 άπένμονος
583 1259 633 1314 est
654 1248 828 1330 Miltiadis,
856 1251 1129 1335 quemadmodum
1147 1253 1214 1318 Do·

103 1359 240 1437 xopater
264 1350 400 1415 tradidit
424 1351 532 1414 minus
558 1351 762 1415 considerate
785 1346 842 1414 ιιαὶ
868 1353 1025 1433 Κίμωνος
1052 1354 1214 1438 adiciens3

104 1452 325 1546 fallunturque
354 1452 471 1539 quibus
498 1451 552 1516 vel
574 1452 693 1530 νίδους
714 1451 767 1515 vel
793 1456 1024 1535 θυγατριδοῦς
1051 1455 1106 1519 vel
1128 1451 1214 1521 άπά-

105 1576 206 1636 χονος
234 1553 326 1619 audit
349 1552 571 1639 Thucydides.
621 1549 770 1631 Quodsi
797 1552 973 1619 lectoribus
994 1554 1214 1642 probavimus,

105 1664 208 1722 mater
229 1657 314 1738 eius,
336 1655 498 1741 siquidem
520 1655 552 1718 ei
569 1653 789 1740 Hegesipyles
810 1677 928 1720 nomen
948 1665 1027 1741 erat,
1049 1657 1143 1728 haud,
1159 1655 1216 1722 duss

105 1755 160 1823 bie
180 1756 325 1822 Cimonis
345 1777 388 1820 ex
409 1755 562 1841 Elpinice
584 1777 694 1821 sorore
716 1755 785 1820 filia
805 1756 883 1841 fuit,
911 1780 1092 1846 nomenque
1114 1759 1216 1824 Thra·

106 1859 192 1924 cium
221 1858 263 1924 ab
296 1879 358 1922 ava
390 1859 527 1943 accepit.
572 1855 676 1921 simul
703 1857 779 1922 hine
807 1857 912 1924 lucem
939 1862 1102 1946 acceperit
1130 1861 1217 1948 quod

106 1968 217 2025 narrat
242 1957 410 2023 Plutarch.
438 1957 521 2022 Cim.
545 1980 573 2021 c.
594 1962 630 2040 4,
660 1957 887 2046 Thucydidem
906 1961 942 2024 in
965 1961 1113 2026 Cimonio
1136 1985 1216 2047 agro

106 2083 206 2149 prope
228 2061 403 2147 Elpinicen
430 2057 591 2146 sepultum
623 2081 695 2123 esse
734 2057 823 2144 παρὰ
858 2059 919 2127 τδν
945 2066 1007 2147 τῆς
1029 2059 1216 2147 Ἐλπινίκης

107 2165 166 2245 τῆς
179 2164 334 2246 Κίμωνος
356 2155 504 2244 ἀδελφῆς
524 2156 643 2243 τάφον.
690 2161 843 2226 Ceterum
864 2164 946 2228 alter
970 2167 1067 2228 etiam
1086 2163 1215 2251 Thucy-

108 2263 218 2347 dides,
234 2263 391 2328 Melesiae
409 2262 512 2344 filius,
532 2261 678 2325 Cimonis
698 2283 800 2346 gener
823 2263 942 2328 dicitur
963 2265 1063 2330 schol.
1084 2265 1127 2330 ad
1141 2265 1215 2329 Ari-

109 2365 183 2430 stid.
207 2364 261 2429 III
282 2387 314 2450 p.
337 2359 399 2429 446
422 2362 473 2428 ed.
496 2362 599 2427 Dind.
622 2362 708 2427 Plut.
732 2363 851 2428 Pericl.
872 2387 899 2428 o.
923 2365 991 2449 XI,
1020 2389 1217 2454 quamquam

108 2466 319 2553 Thucydides
342 2467 439 2558 Olori
459 2465 483 2530 f.
511 2467 546 2546 in
569 2467 635 2530 suis
662 2465 870 2530 historiarum
897 2467 1006 2551 libris,
1032 2470 1066 2531 in
1099 2469 1217 2555 quibus

109 2568 190 2632 loeis
220 2567 474 2655 aliquammultis
499 2568 701 2651 cognominis
723 2566 811 2631 illius
834 2571 1031 2635 mentionem
1055 2569 1143 2653 fecit,
1165 2593 1217 2635 co-

108 2671 272 2754 gnationis
299 2679 331 2734 et
350 2669 602 2734 necessitudinis
624 2668 838 2754 vinoulanon
861 2680 1109 2754 commemorat,
1133 2694 1216 2759 quae

110 2773 217 2858 ipsum
238 2794 311 2836 cum
333 2793 454 2856 genere
477 2771 623 2835 Cimonis
650 2769 900 2855 coniungebant.

66 2867 68 2870 ’
193 2874 286 2938 Haec
299 2874 467 2939 hactenus.
491 2873 591 2938 Plura
607 2873 738 2960 quidem
759 2873 964 2960 inpromptu
983 2873 1088 2938 habeo
1112 2895 1218 2937 emen-

111 2977 238 3042 dandae
262 2984 294 3040 et
319 2975 532 3063 explicandae
558 2974 743 3040 Marcellini
766 2974 969 3062 Thucydidis
991 2976 1079 3039 vitas
1103 2975 1218 3062 (maxi-

110 3099 213 3159 mam,
235 3078 265 3140 si
296 3078 375 3163 quid
395 3079 508 3161 video,
537 3087 662 3165 partem
684 3099 727 3142 ex
744 3077 900 3162 Asclepio
928 3078 999 3141 sive
1020 3077 1218 3165 Asclepiade

109 3179 255 3265 sophista
270 3179 477 3266 compilatae)
499 3181 678 3266 aptissima,
692 3179 750 3244 sed
771 3198 864 3265 quae,
886 3179 963 3263 quia
984 3178 1027 3243 ad
1038 3180 1219 3266 Didymum

109 3301 225 3367 parum
243 3281 428 3366 pertinent*
437 3282 580 3368 prudens
603 3283 725 3346 omitto.
751 3281 861 3346 Unum
883 3279 979 3362 addo,
1002 3303 1043 3345 ne
1066 3282 1219 3368 anonymi

111 3382 314 3468 Thucydidis
341 3383 426 3465 vita,
449 3405 469 3445 a
491 3382 741 3448 Westermanno
764 3381 942 3467 perpolita,
966 3385 1094 3446 macula
1115 3384 1219 3467 inqui-

110 3491 205 3548 netur
224 3484 313 3549 nullo
333 3486 464 3570 negotio
483 3484 718 3569 abstergenda,
740 3486 770 3564 ξ.
792 3488 810 3545 5
832 3467 944 3569 pstor
968 3483 1022 3547 W.
1044 3482 1218 3566 legendum

111 3606 187 3648 esse·
219 3582 281 3648 είσὶ
309 3584 346 3650 δὲ
369 3589 391 3651 δ
419 3587 455 3650 αι’
476 3587 595 3670 ἐφεξῆς
620 3583 720 3668 μάχαι
746 3584 792 3671 (h.
816 3607 844 3648 e.
871 3585 1040 3672 τέσσαρες)
1074 3606 1133 3669 pro
1156 3584 1219 3648 εἰσὶ

112 3683 149 3749 δὲ
184 3686 222 3750 αἱ
249 3692 318 3753 κτλ.
364 3689 470 3754 Simili
498 3689 593 3753 modo
622 3689 656 3751 in
684 3687 814 3750 Athen:
837 3684 873 3748 II
899 3710 931 3773 p.
956 3690 994 3749 71
1029 3686 1058 3747 B
1094 3677 1141 3760 εἷς
1170 3678 1219 3748 civ

111 3790 180 3851 sain
199 3783 417 3874 Ἀριστάρχου
437 3793 499 3855 τοῦ
521 3790 754 3875 γραμματικοῦ
775 3791 939 3870 μαθητῶν
953 3787 1091 3850 fortasse
1109 3773 1219 3869 legen-

41 3969 43 3978 ,
112 3887 189 3953 dum
217 3898 280 3956 est:
311 3917 334 3976 μ
360 3895 539 3976 μαθητῶν,
573 3891 646 3956 coll.
680 3889 771 3954 Suid.
806 3887 958 3974 (Aristid.
986 3887 1045 3952 vit.
1069 3909 1120 3973 ap.
1144 3887 1220 3951 We-

113 3997 223 4055 sterm.
247 4015 280 4078 p.
302 3995 379 4076 323,
402 3995 444 4057 32
466 3998 484 4058 λ
506 3991 617 4074 λέγειν
641 3992 799 4078 στίχους).

653 4180 683 4241 7.

198 4295 355 4382 ‘Didymi
384 4295 632 4360 commentarios
653 4295 687 4357 in
711 4291 938 4378 Thucydidem
957 4312 1117 4377 nusquam
1139 4292 1221 4357 rela-
