2866 4882
1164 345 1225 407 269

112 513 184 575 sive
207 510 291 574 alius
320 511 551 596 grammaticus
575 509 820 574 Alexandrinus
827 558 836 591 ,
862 531 928 573 non
949 507 1046 574 modo
1069 511 1228 597 exemplis

111 615 311 698 tragicorum
333 613 368 676 id
389 633 494 697 genus
516 633 595 675 usus
617 619 676 691 est,
700 633 783 698 quae
805 610 859 675 vel
880 610 922 674 ab
945 612 1016 698 ipso
1031 611 1225 678 Aristarcho

111 712 166 777 vel
194 713 363 800 discipulis
387 714 456 778 eius
483 721 677 799 compuncta
700 721 825 795 essent,
858 712 917 777 sed
939 734 978 776 ea
1000 713 1098 776 etiam
1120 722 1226 778 aetate

111 817 214 896 vixit,
243 835 308 900 qua
330 814 478 879 Graecae
505 813 695 899 tragoediae
717 816 900 901 principum
921 814 1054 879 fabulae
1082 815 1227 879 nondum

113 917 223 981 doceri
246 917 435 998 desiissent,
459 925 510 998 ut,
534 915 614 1003 quid
635 924 667 979 et
681 938 804 981 novare
827 924 859 979 et
880 925 1006 979 mutare
1024 924 1122 1002 atque
1144 918 1226 981 adeo

111 1038 249 1102 peccare
274 1025 525 1081 consuescerent
545 1017 737 1099 histriones,
765 1039 901 1104 quorum
923 1017 1030 1102 gratia
1051 1018 1227 1082 nonnullae

114 1117 338 1203 exemplorum
356 1118 560 1202 marginibus
584 1120 732 1205 appictae
752 1128 848 1183 notae
871 1126 964 1181 erant
986 1117 1053 1206 (El.
1078 1121 1128 1182 78.
1155 1122 1225 1184 1911.

114 1220 177 1282 823
200 1217 269 1282 ΟΟ.
294 1223 364 1284 114.
390 1219 498 1304 1547),
521 1219 623 1306 probe
646 1221 812 1305 cognitum
832 1220 978 1284 haberet.
1003 1219 1054 1284 Of.
1078 1221 1105 1284 Ι.
1130 1221 1226 1284 Rich-

114 1329 176 1384 ter.
200 1320 241 1384 de
263 1320 383 1385 Aesch.
407 1321 506 1407 Soph.
530 1322 609 1386 Eur.
634 1323 773 1409 interpp.
799 1322 857 1387 Gr.
878 1347 909 1408 p.
926 1323 1061 1384 21-28,

202 1423 296 1502 Quod
328 1424 356 1486 si
384 1445 450 1488 non
471 1423 567 1488 modo
588 1424 629 1486 de
650 1423 834 1487 Aristarchi
854 1422 908 1487 vel
933 1423 1063 1487 scholae
1084 1424 1227 1488 Aristar·
1248 1505 1250 1514 y

115 1525 216 1587 cheae
251 1525 338 1588 curis
361 1522 551 1611 Sophocleis
579 1533 724 1609 constat,
753 1525 812 1589 sed
834 1522 877 1586 ad
901 1524 1047 1588 eiusdem
1071 1526 1167 1589 etiem
1193 1528 1229 1590 in

115 1626 325 1689 recensendis
349 1626 549 1712 castigandis
573 1616 842 1713 explicandisque
862 1624 982 1688 fabulis
1005 1647 1151 1690 normam
1171 1651 1227 1714 po-

116 1728 268 1791 steriores
299 1730 530 1812 grammaticos
563 1751 597 1791 se
627 1727 889 1791 accommodasse
918 1725 959 1790 ab
991 1730 1077 1792 omni
1101 1730 1227 1794 dubita-

114 1829 204 1892 tione
233 1827 338 1893 libera
366 1853 419 1894 res
446 1838 510 1911 est,
537 1829 596 1894 hos
626 1831 711 1892 inter
738 1830 1023 1912 grammaticorum
1048 1828 1134 1894 filios
1154 1853 1229 1895 cum

105 1930 254 2016 Didymi
276 1952 404 2017 quoque
427 1951 545 1994 nomen
565 1938 721 2018 appareat
743 1931 925 2015 ceterisque
944 1930 1094 1995 omnibus
1117 1930 1228 2017 caligi-

115 2054 192 2095 nem
220 2034 314 2119 quasi
339 2032 501 2114 offundat,
532 2031 619 2095 haud
648 2033 715 2095 scio
739 2054 782 2093 an
804 2031 933 2094 futurus
957 2033 999 2096 sit
1018 2031 1120 2115 ullus,
1150 2034 1229 2120 quin

115 2136 152 2196 in
163 2155 269 2196 meam
283 2134 501 2218 suspicionem
517 2135 640 2197 incidat
655 2134 701 2196 ab
724 2133 798 2198 hoe
820 2135 908 2218 ipso
922 2134 1099 2216 Didymo
1115 2134 1228 2197 scho-

116 2232 264 2297 liorum
285 2242 515 2300 nostrorum
538 2235 808 2298 fundamenta
827 2235 937 2297 iacta
958 2255 1067 2314 esse,
1090 2234 1181 2297 cuius
1198 2243 1229 2297 et

118 2336 274 2398 memoria
291 2336 437 2399 novies
458 2335 554 2399 editis
577 2335 702 2420 verbis,
730 2345 766 2399 ut
788 2336 947 2418 diximus,
969 2336 1004 2398 in
1025 2333 1157 2399 scholiis
1179 2358 1229 2398 re·

117 2437 339 2521 dintcgratur,
363 2444 396 2499 et
416 2439 557 2530 uestigia
576 2438 656 2502 locis
676 2433 947 2524 aliquammultis,
967 2436 1025 2500 ubi
1045 2437 1227 2522 appositum

118 2561 237 2603 nomen
258 2562 323 2605 non
346 2546 411 2620 est,
433 2539 592 2623 impressa
618 2561 690 2602 esse
718 2539 881 2603 videntur.
926 2539 1119 2602 Rectissime
1143 2538 1229 2600 enim

118 2640 280 2704 Valcken.
311 2641 346 2703 in
368 2641 462 2726 epist.
491 2641 534 2704 ad
556 2641 601 2704 M.
625 2641 764 2705 Roever.
787 2663 819 2726 p.
844 2641 905 2703 307
928 2641 962 2702 in
985 2640 1085 2705 schol.
1110 2641 1151 2704 ad
1173 2640 1227 2704 Αἱ.

118 2745 191 2824 841,
224 2741 281 2806 ubi
313 2763 400 2804 nunc
424 2763 441 2805 e
462 2741 522 2804 La.
547 2742 654 2806 editur
676 2745 763 2825 φασί
780 2762 839 2828 pro
858 2741 948 2825 vulg.
970 2742 1069 2824 φησί,
1093 2741 1230 2826 Didymi

118 2863 238 2905 nomen
262 2841 470 2906 obliteratum
494 2866 566 2907 csse
595 2835 778 2930 suspicatus
801 2844 945 2907 correxit
967 2846 1071 2907 ταῦτα
1095 2841 1131 2906 δὲ
1154 2848 1187 2905 A
1193 2845 1229 2905 ί-

119 2943 250 3025 sopor
272 2940 483 3008 νοθεύεσθαί
499 2961 581 3028 φησι
604 2944 677 3010 0011.
703 2944 804 3008 schol.
828 2943 870 3007 ad
893 2944 971 3008 Ant.
995 2947 1046 3023 45,
1069 2942 1229 3030 vapulans

119 3052 293 3130 propterea
311 3045 480 3112 Lobeckio
516 3049 558 3112 ad
586 3047 641 3111 Ai.
664 3049 721 3109 841
756 3068 788 3131 p.
813 3048 886 3109 355.
932 3047 1046 3131 Neque
1069 3066 1129 3129 ego
1153 3047 1229 3126 scic,

121 3167 186 3231 qua
205 3147 337 3210 tandem
357 3154 426 3210 arte
447 3145 570 3212 leniore
586 3147 703 3211 Photio
723 3149 802 3230 482,
828 3151 841 3208 1
866 3147 989 3211 mederi
1011 3147 1144 3233 possim,
1167 3147 1231 3209 nisi

121 3247 267 3312 eiusdem
293 3247 430 3334 Didymi
456 3250 587 3313 nomine
620 3249 744 3312 adscito
774 3247 918 3333 ῥακχίζ
927 3271 990 3312 ειν
1019 3245 1056 3312 sd
1089 3250 1231 3330 διαιρεῖν

123 3342 163 3408 τὰ
186 3347 268 3433 μέρη
291 3353 348 3431 τῆς
369 3345 506 3433 ῥάχεως,
529 3343 603 3432 ἤτοι
626 3348 829 3432 διακόπτειν,
852 3345 897 3427 ὥς
918 3367 1001 3433 φησι
1024 3345 1104 3433 παρ’
1126 3346 1232 3435 Εὐρι-

123 3447 212 3529 πίδῃ.
266 3450 418 3534 Legerim
464 3445 542 3538 παρ’
580 3445 750 3536 Εὐριπίδῃ
786 3455 979 3534 Δίδυμος
1015 3451 1089 3515 0011.
1129 3451 1229 3516 schol.

123 3546 165 3609 ad
187 3547 241 3610 Αἱ.
263 3555 302 3614 56
322 3552 401 3616 Hes.
424 3555 578 3638 ῥαχίξων,
609 3553 674 3616 nisi
696 3553 832 3617 confusa
860 3553 983 3616 dixeris
1007 3551 1176 3638 Sophoclis
1199 3562 1231 3616 et

124 3646 292 3733 Euripidis
320 3654 467 3737 nomina,
501 3678 566 3741 qua
591 3655 631 3718 de
662 3652 868 3718 librariorum
894 3653 1066 3717 oscitantia
1094 3651 1231 3714 solemni

119 3745 167 3810 01.
190 3748 313 3814 Osann.
349 3754 392 3816 ad
413 3753 550 3819 Philem.
584 3778 616 3841 p.
649 3759 719 3818 161.
763 3754 894 3819 Deinde
926 3755 1026 3820 schol.
1055 3752 1227 3817 001001

126 3851 281 3927 0100ίὸος
298 3851 334 3915 ἐκ
357 3858 474 3936 νομοῦι
488 3859 634 3942 sequitur
654 3859 687 3918 in
709 3879 769 3920 ms.
794 3857 1014 3943 diphthongus
1038 3848 1080 3918 οὐ
1102 3853 1231 3915 initium

123 3949 261 4015 alicuius
285 3952 511 4038 additamenti,
534 3958 619 4043 quod
641 3980 707 4021 non
730 3957 904 4044 complevit
922 3958 1085 4038 librarius,
1109 3953 1230 4016 arbitro

114 4051 223 4116 Petro
256 4053 424 4120 Elmsleio.
469 4057 573 4122 Nemo
604 4080 669 4122 non
701 4060 791 4122 videt
818 4060 880 4124 hoc
910 4081 982 4123 esse
1005 4054 1232 4141 compendium

120 4153 277 4220 ,vocabuli
302 4150 410 4234 οὕτως
439 4180 513 4222 cum
537 4153 579 4222 οὐ
608 4159 764 4222 confundi
794 4160 890 4224 soliti.
935 4160 1025 4222 Bart.
1051 4157 1231 4220 Comment.

121 4254 188 4340 pal.
217 4279 249 4344 p.
284 4259 356 4322 828.
402 4259 509 4324 Simili
538 4265 647 4324 errore
679 4262 713 4322 in
747 4260 847 4326 schol.
882 4258 924 4322 ad
951 4259 1030 4322 Eur.
1065 4257 1147 4320 Hec.
1170 4258 1232 4319 830
