2894 4890
184 323 261 408 ιιι

199 512 261 576 bus
291 507 506 575 subscribitur
535 501 555 589 ή
583 507 712 591 ἱστορία
730 481 821 591 παρά
845 508 892 593 τῷ
920 508 1023 571 δεῖνα.
1070 503 1136 570 Sed
1154 505 1236 571 hacc
1258 503 1313 568 ad-

201 606 331 687 notasse
354 608 504 674 sufficiet.

287 727 439 813 Denique
457 725 544 813 quod
561 725 678 789 brevia
696 723 834 810 Didymi
852 723 976 788 scholia
997 721 1120 788 παλαιά
1142 723 1314 810 pseudepi-

202 829 328 916 grapha
361 850 381 891 ει
413 827 494 892 Iano
512 827 649 890 Lascuri
677 825 764 890 Aldc
798 824 995 890 Schrewelio
1023 825 1206 889 Alemanno
1232 824 1313 887 Bar-

202 931 294 994 nesio
321 928 424 993 editas
450 951 516 994 non
544 929 743 1009 curaverim,
774 935 899 1013 spretas
928 925 1002 990 ilias
1031 927 1058 990 Ι.
1088 925 1129 989 A.
1159 924 1314 988 Fabricio

203 1029 295 1095 Bul
316 1052 348 1115 p.
374 1031 511 1093 2844>
535 1028 577 1092 A.
600 1027 641 1092 G.
667 1027 812 1091 Ferbero
834 1028 868 1090 in
890 1025 969 1089 diss.
995 1026 1118 1091 scholia
1137 1048 1257 1111 graeca
1279 1026 1314 1088 in

203 1134 399 1214 Homerum,
426 1152 508 1215 quae
526 1129 671 1216 Didymo
699 1128 798 1212 vulgo
826 1127 1027 1210 tribuuntur,
1056 1128 1238 1214 generatim
1266 1124 1315 1188 lu·

204 1241 326 1298 strantc
350 1231 489 1296 Helmst.
512 1236 592 1294 1770
615 1234 655 1312 4.,
678 1228 841 1292 neminem
862 1227 934 1291 fore
958 1251 1070 1315 spero,
1099 1227 1156 1314 qui
1177 1227 1257 1293 mihi
1279 1228 1315 1288 in

205 1333 414 1420 opprobrium
437 1341 553 1397 vertat.
581 1331 657 1395 Vid.
672 1329 879 1416 Bernhardyi
894 1329 952 1394 Gr.
975 1329 1036 1403 litt.
1059 1329 1134 1393 hist.
1156 1329 1314 1392 succinet.

203 1434 269 1500 vol.
291 1434 327 1499 Π
349 1459 380 1521 p.
403 1436 473 1497 118.
1156 1432 1158 1437 ’

740 1658 774 1734 5·

537 1797 772 1885 Ὑπομνήματα
791 1798 977 1883 Πινδάρου.

748 1957 774 2016 1.

293 2088 345 2154 Ol.
380 2093 411 2152 Ε
440 2088 539 2150 inser.
578 2081 662 2168 αὕτη
700 2081 720 2171 ή
761 2081 830 2175 ᾠδή
873 2085 909 2151 ἐν
953 2086 1014 2170 μὲν
1057 2100 1124 2166 τοῖς
1164 2088 1317 2171 ἐδαφίοις

208 2188 270 2257 ούκ
306 2181 365 2273 ήν,
395 2188 433 2252 ἐν
464 2184 500 2250 δὲ
531 2197 599 2262 τοῖς
632 2185 826 2270 Διδύμου
856 2183 1157 2273 ὑπομνήμασιν
1185 2189 1316 2272 ἐλέγετο

208 2290 395 2375 Πινδάρου.
439 2289 491 2351 Dc
514 2288 575 2351 hoc
597 2288 667 2352 lece
688 2289 940 2375 explicatissime
962 2290 1046 2354 dixit
1056 2291 1097 2355 Ε.
1109 2292 1265 2357 Leutsch.
1281 2294 1317 2357 in

210 2393 447 2458 Schneidewin.
468 2388 585 2454 Philol.
609 2390 626 2453 Ι
648 2414 680 2477 p.
707 2392 894 2454 116-127.

746 2578 780 2641 2.

294 2711 402 2776 Schol.
432 2711 483 2778 Ol.
512 2718 544 2777 A
571 2716 610 2776 33
639 2710 865 2794 ίππιοχάρμαν
894 2709 931 2776 δὲ
953 2709 1013 2778 τὸν
1039 2716 1079 2798 τῇ
1100 2713 1218 2798 ἱππική
1244 2717 1318 2794 χαί-

210 2808 313 2897 ροντά
332 2828 425 2895 φησι.
451 2814 557 2900 (Vrat.
573 2815 614 2896 A,
634 2813 786 2897 recenti.)
801 2811 909 2891 καλῶς
925 2813 961 2879 δὲ
976 2810 1012 2878 τό
1026 2813 1183 2880 ἐπίθετον
1197 2818 1242 2901 τῷ
1255 2819 1319 2898 βα-

209 2919 297 2978 σιλεί
321 2906 378 2976 διὰ
404 2909 441 2976 τὸ
473 2915 714 2998 ἱπποτροφεῖν,
741 2917 801 2979 ἵνα
819 2917 926 3000 δείξη,
956 2910 1006 2980 ὅτι
1030 2909 1072 2980 ού
1094 2911 1194 2998 τύχης
1218 2918 1318 2999 γε’γο-

210 3037 270 3078 νεν
288 3008 441 3098 ἔργοντὸ
467 3018 513 3101 τῷ
544 3017 716 3102 Φερενίκῳ
736 3012 936 3099 χρήσασθαι,
966 3009 1040 3080 ἀλλ’
1061 3013 1241 3101 ἐπιστήμης
1263 3019 1318 3083 καλ

210 3117 268 3196 τῆς
290 3108 422 3192 περὶτὰ
446 3117 581 3198 πρᾶγμα
597 3115 792 3199 ἐπιμελείας.
819 3110 927 3182 Ἔνιοι
959 3115 994 3181 δὲ
1023 3113 1318 3201 ἀναγιγνώσκουσι

210 3209 458 3297 παροξύνοντες
479 3208 542 3296 τήν
567 3213 830 3297 παραλήγουσαν
850 3213 1024 3301 συλλαβήν
1045 3221 1112 3284 τῶν
1135 3225 1319 3302 Συρακου-

211 3318 293 3379 σίων
318 3314 404 3399 (ced.
427 3315 532 3379 Rehd.
556 3317 618 3378 τού
638 3316 909 3404 συῤῥακουσίων)
939 3318 993 3382 καὶ
1016 3314 1077 3402 τήν
1097 3318 1237 3404 ἐσχάτην
1257 3330 1320 3387 τοῦ

211 3412 439 3501 ίππιοχάρμαν
462 3418 687 3501 περισπῶσιν,
714 3410 761 3480 ἵν’
789 3407 826 3502 ᾖ,
849 3423 918 3484 τοῖν
938 3425 1186 3503 Συρακουσίαν
1204 3424 1319 3488 ἱππιο-

210 3520 348 3601 χαρμιόν
368 3519 417 3605 (ut
441 3517 546 3581 Palat.
574 3517 627 3604 C).
680 3511 739 3581 τόν
762 3516 826 3602 γὰρ
844 3514 978 3603 Ἱέρωνα
1002 3515 1065 3585 ούκ
1094 3516 1178 3586 εἶναι
1201 3529 1320 3607 Συρα-

211 3614 363 3702 κούσιον,
387 3611 444 3683 ὅτε
465 3618 573 3683 ἐνίκα·
604 3621 761 3683 κτίσαντα
784 3613 848 3705 γάρ
871 3615 976 3685 αὐτὸν
999 3617 1060 3705 τήν
1082 3621 1242 3708 Κατάνην
1265 3627 1320 3689 καλ

212 3717 533 3805 προσαγορεύσαντα
546 3725 675 3784 Αίτναν
698 3715 757 3785 ἀπ’
778 3715 881 3804 αὐτῆς
902 3725 1062 3787 Αἰτναῖον
1082 3723 1240 3805 λέγουσιν
1256 3721 1320 3790 αύ-
1427 3743 1435 3762 ·

210 3817 281 3885 τόν.
327 3816 462 3903 εὐήθεις
491 3817 592 3903 φησὶ
613 3822 803 3906 Δίδυμος
825 3819 976 3900 τούτους.
997 3823 1070 3888 τότε
1089 3819 1153 3909 γάρ
1176 3817 1319 3908 ὁἹέρων

212 3910 254 4003 ἦν
275 3918 512 4001 Συρακούσιος
536 3921 590 3985 καὶ
612 3917 693 3986 οὐδὲ
715 3911 758 4004 ήν
775 3925 947 4007 Αἰτναῖος,
972 3917 1016 4000 uis
1037 3941 1142 4008 φησιν
1156 3919 1319 3992 Ἀπολλό-

210 4023 327 4103 δινρος.
372 4014 390 4084 ὁ
419 4018 455 4085 δὲ
479 4015 704 4103 Ἀριστόνικος
730 4017 928 4101 ἀξιοπίστως
949 4028 1110 4090 Αἰτναῖον
1134 4020 1217 4091 ὅντα
1235 4032 1319 4110 ,Συ-

135 4197 142 4208 ι
209 4120 393 4203 ρακούσιον
420 4115 653 4203 ὀνομάζεσθαι.
699 4123 773 4188 Vei.

293 4238 369 4303 Vid.
389 4239 534 4308 Bceckh.
558 4243 643 4330 expl.
667 4243 799 4308 Pindar.
822 4246 941 4332 p.,106.
956 4283 999 4295 —-
1021 4243 1103 4308 eod.
1125 4243 1279 4328 Rehdig„
1302 4265 1322 4308 e
