2752 4890
169 365 229 430 116
624 357 823 424 -A'-

167 524 309 615 ἀρίστην
327 523 499 614 διαγωγὴν
520 529 672 612 ἔχοντας,
704 521 789 612 πρὸς
808 523 846 592 τό
873 527 911 592 έν
929 521 1105 612 Ὀδυσσείᾳ
1133 518 1197 590 *οὐ
1221 519 1286 607 γὰρ

169 631 277 717 ἔγωγέ
296 633 332 696 τί
350 653 441 715 φημι.
458 628 552 706 τέλος
571 626 787 713 χαριέστερον
810 621 914 713 εἶναι,
937 619 958 711 ἢ
980 621 1063 692 ὅταν
1086 621 1287 710 εὐφροσύνη

168 732 231 818 μὲν
257 733 332 818 έχη’
365 730 501 818 (Odyss.
527 755 538 796 ι
561 728 607 813 5).
655 733 769 796 Ταῦτα
794 723 813 796 ὁ
842 731 996 814 Δίδυμος
1021 721 1039 794 ὁ
1067 722 1306 814 Ἀριστονίκη),

169 831 258 917 λέγει
286 831 363 916 περὶ
386 835 444 915 τῆς
471 834 605 916 γραφῆς
627 835 685 917 τῆς
708 833 896 898 δέπασσι.
926 831 968 896 A.
1013 829 1078 895 Pro
1098 824 1117 894 d
1135 823 1288 911 Ἀριστο-

168 940 253 1023 νίκφ
273 933 348 1020 lego
366 925 490 1017 ὁμοίως
511 954 585 998 cum
603 933 720 1000 Lehrs.
739 935 798 1000 Ar.
822 937 873 1000 32.
896 933 1039 998 Dueutz.
1061 930 1186 996 Zenod.
1211 951 1243 1016 p.
1268 935 1287 994 4

175 1030 223 1099 Τὰ
251 1027 337 1099 αὐτὰ
359 1027 586 1114 Ἀριστόνικος
608 1027 630 1099 δ’
651 1035 707 1108 καί
729 1030 746 1102 ὅ
767 1037 919 1117 Δίδυμος
940 1032 1029 1116 λέγει
1051 1081 1058 1096 .
1079 1081 1088 1096 .
1110 1073 1135 1096 .ι

259 1137 291 1200 Τ
310 1140 361 1202 76.
382 1140 421 1200 77

302 1239 397 1302 Τοῖσι
420 1236 458 1302 δέ
481 1233 537 1303 καὶ
557 1238 730 1322 μετέειπεν
752 1232 836 1314 ἅναξ
857 1230 995 1321 ἄνδρων
1013 1229 1231 1319 Ἀγαμέμνων

198 1327 220 1383 ¹·
300 1333 450 1404 αὐτόθεν
472 1337 505 1416 έξ
527 1336 626 1423 ἕδρης
647 1333 725 1405 οὐδ’
751 1338 788 1404 ἐν
812 1331 964 1422 μέσοισιν
986 1330 1141 1412 ἀναστάς.

172 1438 282 1520 οὕτως
303 1440 358 1507 καὶ
376 1436 457 1523 παρ’
471 1434 715 1525 Ἀριστοφάνει.
741 1439 778 1504 έν
796 1435 833 1505 δὲ
849 1441 1116 1524 Μαοσαλιωτικῇ
1135 1436 1191 1504 καὶ
1207 1441 1288 1524 Χίη·

174 1555 280 1610 ’τοῖσι
306 1536 338 1608 δ’
368 1536 588 1624 ἀνιστάμενος
615 1540 769 1625 προσέφη
801 1543 924 1624 κρείων
948 1533 1164 1624 Ἀγαμέμνων
1187 1543 1291 1623 μῆνιν

102 1704 106 1709 ,
175 1641 413 1729 ἀναστενάχων
441 1641 497 1706 καί
518 1636 582 1726 ὑφ’
607 1641 721 1720 ἕλκεος
741 1637 846 1726 ἄλγεα
868 1639 1035 1725 κάσχων’.
1059 1635 1169 1718 οὕτως
1191 1635 1291 1706 ὁΔί-

176 1749 293 1832 δυμος.
337 1745 380 1808 Α.

261 1849 310 1934 (Ω
333 1848 395 1936 683
417 1847 592 1931 Δίδυμος*
609 1844 719 1931 μάλα,
737 1841 830 1931 γάρ,
852 1839 894 1910 οὐ
917 1845 971 1909 δέ.
1004 1844 1063 1930 V.)

710 2229 749 2298 Α.
1162 2287 1165 2292 .

264 2355 294 2420 8.
321 2347 338 2418 ὁ
360 2350 550 2438 Ζηνόδοτος
569 2357 706 2438 σφωϊν
725 2357 883 2440 ἔγραφεν.
912 2358 955 2421 A.
991 2354 1043 2421 Of.
1059 2353 1171 2440 Apoll.
1188 2354 1291 2441 Dysc.

179 2452 220 2523 de
242 2465 372 2544 syntax.
404 2478 436 2542 p.
462 2459 521 2520 167
544 2457 666 2541 Langii
684 2480 771 2545 spec.
794 2479 910 2523 comm.
934 2458 1030 2524 Hom.
1052 2456 1092 2520 Il.
1117 2456 1151 2520 in
1173 2456 1292 2521 Philol.

179 2557 229 2622 IV
251 2562 271 2621 4
294 2579 326 2643 p.
347 2560 420 2622 799.
463 2557 737 2642 H.„Duentzerus
766 2560 890 2625 Zenod.
918 2583 949 2646 p.
974 2563 993 2621 5
1022 2566 1151 2640 nostro,
1180 2557 1293 2623 Fried-

181 2658 357 2724 laenderus
379 2657 568 2724 Aristonico
591 2660 716 2724 tribuit.

270 2763 321 2825 73.
345 2752 365 2824 ὅ
387 2776 509 2843 σφιν·
532 2754 640 2837 οὕτως
662 2755 718 2826 διὰ
736 2764 799 2826 τοῦ
820 2759 939 2839 ἕνόςσ.
971 2763 1013 2828 A.

265 2865 318 2926 91.
338 2859 400 2926 ένδ
416 2865 592 2948 στρατῷ·
610 2856 885 2945 Ἀχαιοδν,οὐκ
903 2864 966 2928 ένδ
985 2865 1145 2950 στρατῷ
1161 2857 1294 2945 αίἈρι-

185 2959 363 3046 στοίρχειοι.
410 2955 533 3047 ὁμοίως
555 2961 610 3028 καὶ
632 2956 653 3047 ἡ
676 2960 894 3046 Σωσιγένους
914 2963 969 3029 καὶ
991 2958 1012 3049 ἡ
1030 2958 1295 3049 Ἀριστοφάνους

181 3063 237 3131 καί
259 3059 280 3149 ἡ
302 3052 507 3147 Ζηνοδότου.
530 3065 633 3129 ALV.
664 3062 805 3128 Fallitur
819 3064 947 3130 Nauck.
966 3067 1069 3130 Arist.
1092 3066 1175 3154 Byz.
1195 3089 1228 3152 p.
1244 3069 1294 3130 33.

181 3166 320 3232 Frustra
336 3164 432 3253 Vpss.
449 3165 560 3232 sched.
577 3167 648 3230 erit.
673 3164 690 3229 Ι
710 3186 742 3251 p.
759 3169 818 3244 173
840 3165 1018 3232 Duentzer.
1039 3166 1164 3231 Zenod.
1187 3190 1220 3254 p.
1236 3170 1296 3230 105

182 3266 234 3332 ένί
252 3269 383 3353 στρατῷ
404 3273 548 3331 tuentur.
581 3264 648 3331 ‘Ol
670 3270 699 3332 B
720 3268 772 3331 82.
844 3323 846 3336 .

268 3373 319 3434 97.
350 3374 519 3451 λοιμοῖο
537 3369 726 3451 ’βαρείας
747 3378 890 3452 χεῖρας
911 3362 1076 3452 ἀφέξει·
1107 3377 1297 3436 Δαναοῖσιν

182 3467 296 3537 ἀεικέα
317 3465 435 3553 λοιγὸν
457 3463 594 3534 induet.
619 3462 727 3546 οὕτως
747 3470 784 3534 αι’
793 3463 1024 3556 Ἀριστάρχου.
1044 3468 1100 3536 καὶ
1117 3464 1138 3555 ἡ
1154 3475 1299 3536 Μασσα-

183 3568 321 3655 λιωτικη
349 3569 386 3635 δὲ
414 3572 469 3636 καί
497 3564 669 3653 ἡῬιανοῦ
699 3568 759 3636 τὸν
784 3565 890 3637 αὐτὸν
917 3572 982 3654 ἔχει
1006 3569 1145 3655 τρόπον.
1187 3575 1299 3640 έοικεν

183 3664 249 3740 οὖν
276 3665 297 3757 ἡ
325 3669 420 3757 έτέρα
450 3669 645 3757 Ζηνοδότον
673 3667 759 3738 εἶναι
788 3667 809 3756 ἡ
838 3666 935 3738 *οὐδ’
966 3667 1024 3756 ὅγε
1055 3675 1136 3758 πρὶν
1165 3681 1298 3759 λοιμοῖο
1325 3743 1327 3746 ,

183 3777 320 3862 βαρείας
352 3783 464 3858 χεῖρας
493 3765 638 3856 ἀφέξει’.
671 3776 713 3842 A.
757 3774 854 3839 Adde
876 3774 977 3840 schol.
1006 3775 1131 3840 Townl.
1158 3785 1227 3842 not.
1257 3777 1300 3842 ad

180 3877 316 3968 Dawes.
344 3876 436 3940 misc.
463 3875 536 3940 crit.
560 3875 611 3940 ed.
635 3875 737 3941 Kidd.
759 3899 791 3963 p.
814 3869 888 3940 489.
933 3875 998 3940 Pro
1019 3877 1213 3943 Aristarcho
1241 3900 1300 3965 pu-

185 3987 288 4066 gnant
308 3976 424 4043 Lehrs.
447 3976 575 4042 Ztschr.
601 3977 626 4042 f.
648 3976 791 4042 Altcrth.
817 3979 896 4042 1834
923 3999 955 4063 p.
982 3980 1042 4042 139
1067 3975 1192 4062 Bergk.
1218 3977 1299 4044 ibid.

187 4083 269 4146 1846
291 4102 324 4143 n.
336 4081 378 4143 43
401 4077 580 4144 Duentzsr.
598 4079 723 4159 Zenod.
746 4101 778 4165 p.
793 4081 853 4142 143
872 4077 1099 4160 etBelrkerus‚
1121 4079 1300 4146 adversan-

185 4191 239 4248 tur
259 4181 358 4246 Voss.
382 4169 492 4246 sched.
516 4181 587 4246 erit.
610 4179 627 4245 I
647 4203 679 4268 p.
704 4183 762 4244 174
786 4178 947 4266 Spitzner.
968 4179 1008 4244 Il.
1028 4178 1115 4244 XXI
1138 4183 1212 4244 548.

275 4284 345 4347 198.
386 4276 487 4347 οὐδέ
513 4285 555 4346 τί
579 4302 638 4346 τιω
666 4276 786 4358 είττας
814 4282 912 4357 ἔτεος
941 4275 1298 4359 οὐδ”έτέλεσσας
1348 4289 1353 4300 ’
