2894 4890
196 363 258 426 232

283 526 416 590 Rectius
446 522 607 609 Didymo,
639 521 731 585 cuius
760 527 869 583 tamen
897 493 1121 604 interpretctio
1145 513 1232 579 haud
1255 515 1311 581 ab·
1428 541 1430 546 ’

201 651 281 694 sona
304 635 367 708 cst,
390 624 523 690 Dissen.
549 623 636 710 expl.
659 620 755 686 Pind.
778 643 810 706 p.
833 621 904 684 381.

726 776 777 837 42.
804 801 805 804 ’

283 896 364 961 ibid.
388 898 429 959 95
453 920 485 984 p.
501 898 563 958 456
585 896 631 980 τᾷ
652 889 872 959 Δαιδάλου
894 893 937 958 δὲ
959 894 1153 978 μαχαίρᾳ·
1176 895 1312 957 Δίδυ-

198 1024 271 1085 μος
292 998 330 1062 δέ
351 1012 450 1079 φησι·
474 993 620 1079 γράφειν
643 994 696 1058 δεῖ
716 990 771 1059 διὰ
791 996 852 1058 τοῦ
876 1017 901 1057 οι
921 990 1080 1076 μεγάλου.
1105 988 1253 1079 δαιδάλῳ
1274 993 1311 1058 δὲ

198 1102 343 1184 μαχαίρᾳ
364 1095 467 1163 δόλον
486 1091 622 1180 ἤρτυσε,
646 1095 872 1180 παρελόμενος
895 1089 1001 1160 αὐτοῦ
1022 1092 1149 1179 κρύφα,
1171 1095 1228 1158 ἵνα
1244 1118 1312 1176 χω-

198 1299 235 1366 δὲ
252 1301 426 1384 λστορούσι
443 1299 561 1364 πολλοὶ
578 1299 650 1382 μέν,
674 1291 757 1380 ἀτάρ
773 1293 815 1380 δη
832 1295 886 1360 καλ
895 1290 1048 1378 Ἡσίοδος
1064 1296 1172 1380 λέγων
1184 1292 1308 1375 οὕτως·

306 1395 367 1484 ἥδε
390 1400 429 1464 δέ
447 1401 482 1464 οί
501 1397 584 1464 κατά
606 1393 723 1482 θυμὸν
745 1395 861 1480 ἀρίστη
884 1399 1022 1479 φαίνετο
1045 1394 1170 1482 βουλή·

305 1496 410 1566 αὐτὸν
431 1496 494 1584 μὲν
516 1501 667 1583 σχέσθαι,
691 1497 818 1582 κρύψαι
843 1493 876 1564 δ’
900 1494 1047 1582 ἀδόκητα
1068 1498 1245 1584 μάχαιραν,

306 1598 423 1686 καλήν,
445 1595 490 1684 ἢν
511 1601 546 1664 oi
564 1601 674 1678 ἔτευξε
694 1597 894 1684 περικλυτὸς
908 1596 1135 1685 Ἀμφιγυήεις,

306 1697 351 1778 ἀς
371 1697 434 1786 τὴν
455 1699 632 1786 μαστεύων
654 1696 724 1778 οἶος
745 1698 828 1766 κατά
851 1698 981 1785 Πήλιον
1002 1698 1083 1766 αίπύ

304 1798 377 1880 αἶψ’
399 1797 466 1868 ὑπὸ
490 1797 737 1883 Κενταύροισιν
759 1797 957 1892 ὀρεσκῴοισι
977 1805 1105 1885 δαμείη.
1247 1881 1249 1886 ,

200 1907 371 1972 Δαίδαλον
393 1899 430 1968 δὲ
457 1900 528 1970 ελπε
549 1899 611 1987 τὴν
631 1901 796 1988 μάχαιραν
816 1905 872 1971 διά
893 1900 929 1970 τδ
953 1899 1020 1968 ὑπὸ
1039 1897 1224 1986 Ἡφαίστου
1248 1927 1311 1968 κα-

197 2002 432 2072 τεσκευάσθαι.
465 2005 618 2083 ἐπιεικῶς
641 2001 677 2069 δὲ
699 2002 738 2069 τά
756 2001 941 2089 Ἡφαίστου
962 2007 1043 2089 ἔργα
1067 2001 1208 2070 δαίδαλά
1227 2022 1312 2089 φησι

200 2112 249 2194 (Σ
268 2109 362 2193 48η·

297 2229 300 2238 ⁴
326 2211 413 2276 ποίει
435 2210 576 2274 δαίδαλα
598 2203 696 2273 πόλλ’
723 2210 865 2292 εἰδυίησι
888 2203 1121 2291 πραπίδεσσιν.

282 2310 322 2374 In
355 2311 426 2375 cod.
461 2313 616 2396 scriptum
650 2312 968 2392 οιιι1ΔΑΙΔΑΛΟ,
1001 2309 1088 2398 quod
1112 2318 1219 2392 erant,
1254 2311 1312 2397 qui

197 2407 374 2477 Δαιδάλου
399 2411 547 2496 legerent
574 2419 606 2474 et
638 2413 694 2496 qui
720 2407 876 2498 δαιδάλῳ.
921 2411 1030 2495 Atque
1052 2409 1113 2474 hoc
1137 2411 1232 2475 unicc
1256 2433 1312 2475 vc-

197 2533 269 2578 rum
299 2535 370 2576 esse
400 2511 529 2576 articuli
558 2515 598 2596 τᾷ
621 2513 671 2576 vis
695 2513 905 2577 demonstrat.
951 2516 1035 2574 ‘Hoc
1056 2518 1120 2590 ipso
1142 2531 1210 2574 cero
1231 2533 1311 2591 ense,

199 2636 295 2700 quem
317 2613 359 2678 ab
377 2615 499 2678 Acasto
521 2612 716 2678 subductum
731 2611 829 2678 Peleo
853 2635 926 2676 csse
947 2634 1041 2676 nemo
1057 2610 1170 2693 nescit,
1192 2615 1313 2688 affabre

195 2720 281 2793 facto
311 2724 342 2780 ct
370 2739 402 2802 q.
432 2722 479 2779 s.'
523 2715 639 2801 Itaque
666 2721 753 2776 recte
776 2713 921 2777 Boeckh.
945 2714 979 2776 in
1001 2721 1081 2778 nott.
1105 2713 1190 2777 critt.
1215 2723 1248 2778 et
1270 2715 1310 2778 L.

198 2817 331 2882 Disscn.
354 2818 388 2881 in
412 2815 498 2901 cxpl.
522 2815 618 2879 Pind.
638 2839 669 2902 p.
688 2816 754 2878 386·
770 2814 916 2901 Didymo
939 2813 1081 2879 calculos
1104 2814 1311 2899 addiderunt,

196 2918 356 3004 quidquid
376 2913 488 2981 contra'
507 2917 594 2980 dicat
615 2916 738 3000 Bergk.
765 2914 861 2981 Pind.
882 2915 933 2979 ed.
955 2914 1011 2979 alt.
1034 2938 1066 3002 p.
1094 2920 1162 2980 164.

725 3071 777 3133 43.

283 3186 363 3250 ibid.
389 3189 448 3248 151
476 3209 508 3271 p.
533 3188 596 3248 459
629 3177 723 3250 οἷον
756 3187 910 3251 αλνίωυ
940 3209 984 3250 κε
1019 3192 1257 3271 Μελησίαν·
1292 3184 1310 3255 ὁ

195 3279 465 3368 Ἀρίσταρχος
493 3291 588 3363 ψιλοί
613 3281 649 3350 τὰ
674 3280 748 3350 οἷον
770 3291 839 3351 κτλ.
882 3285 1024 3354 δύναται
1047 3286 1084 3354 δὲ
1106 3290 1159 3354 καὶ
1183 3290 1311 3369 δασέως

119 3451 124 3458 ,
199 3381 514 3468 ἀναγιγνώσκεσθαι
530 3383 567 3451 τὸ
587 3379 672 3472 οἷον,
689 3392 937 3473 θαυμαστικῶς,
954 3384 998 3466 ὥς
1013 3407 1096 3473 φησι
1112 3393 1189 3456 Δίδ
1197 3415 1310 3475 υμος.

281 3487 437 3552 Dissenio
461 3511 589 3579 quoquc
610 3491 644 3553 in
666 3489 754 3576 expl.
776 3491 871 3554 Pind.
894 3514 926 3576 p.
950 3484 1122 3576 31)οοῖου,
1145 3503 1181 3558 ut
1204 3504 1253 3558 cst
1276 3496 1310 3558 in

196 3586 289 3650 libris
314 3596 411 3675 atquc
439 3613 459 3654 a
479 3591 625 3677 Bergkio
650 3614 682 3677 p.
703 3595 761 3656 166
786 3601 969 3677 receptum,
1001 3592 1236 3678 δαυμαστικόυ
1262 3606 1311 3660 est

196 3711 240 3753 ex
260 3690 436 3754 Homerica
456 3693 704 3757 consuetudine.

727 3850 779 3909 44.

279 3958 359 4023 ibid.
387 3961 445 4022 153
476 3955 733 4040 ἀπάλαιστος
759 3963 803 4028 ἐν
830 3961 939 4052 λόγῳ
960 3965 1089 4033 ἕλκει·
1116 3965 1219 4034 τοῦτο’
1240 3970 1311 4036 ἐστι

194 4057 248 4124 καλ
272 4059 326 4123 ἐπὶ
347 4061 409 4123 τοῦ
431 4066 607 4146 Μελησίου
628 4058 782 4142 άκούειυ,
812 4060 858 4142 ἀς
880 4084 963 4151 φησι
982 4071 1188 4155 Δίδυμος,
1217 4064 1309 4136 οἷον·

192 4154 479 4246 ἀκαταπάλαιστός
507 4163 576 4228 ἐστι
607 4161 691 4245 πρὸς
719 4163 778 4230 τὸν
811 4166 963 4234 ἕλκοντα
985 4166 1093 4236 αὐτὸν
1121 4172 1159 4236 ἐν
1184 4170 1309 4258 λύγοις,

192 4251 238 4341 ὡς
257 4258 312 4328 καὶ
335 4262 453 4354 λογίου
476 4259 575 4348 ὄντος
596 4271 658 4331 τοῦ
679 4273 866 4357 Μελησίου.
