2894 4890
1189 352 1251 414 215

138 536 202 602 quo
224 494 261 577 Ο.
275 512 315 576 Ε.
338 511 397 577 Oh.
415 511 633 576 Schneiderus
651 512 775 577 scholia
796 512 902 580 denuo
929 509 1032 582 edidit
1049 520 1138 584 Vrat.
1161 523 1251 606 1843,

138 615 279 702 Didymi
299 615 489 679 memoriam
509 637 576 678 non
599 616 755 679 servavit.

684 807 713 867 3.

225 920 277 986 01.
301 921 329 984 B
353 923 392 983 29
415 922 567 1004 ζητεῖται,
588 916 635 985 δι’
658 915 701 1005 ήυ
724 923 833 986 αἰτίαν
856 916 1036 1006 εὐξάμενος
1057 927 1104 1010 τῷ
1115 923 1252 1012 Θήρωυι

141 1019 180 1088 τά
207 1017 366 1087 κάλλιστα
387 1017 599 1086 κατάπαυσιν
624 1025 693 1087 τῷν
721 1025 941 1106 πραχθέντων
968 1026 1092 1090 δεινοῖν
1115 1029 1251 1095 αἰτεῖται

102 1128 103 1131 ’
141 1119 202 1187 τόν
225 1125 301 1188 Δία.
345 1121 401 1187 καὶ
429 1117 446 1186 6
472 1119 830 1211 μένἈρίσταρχός
857 1143 957 1210 φησι,
987 1121 1043 1192 διά
1064 1123 1102 1192 τό
1125 1151 1250 1214 κεκμη-

141 1227 235 1290 κέναι
266 1219 346 1302 τούς
377 1229 439 1290 τού
459 1221 620 1311 Θήρωνὸς
649 1227 791 1310 πατέρας
824 1223 907 1292 κατά
937 1223 999 1310 τήν
1016 1222 1148 1314 Ῥόδον,
1183 1235 1251 1297 τῷν

141 1325 345 1410 πραγμάτων
366 1327 649 1412 στασιαζομένων,
667 1305 725 1394 καὶ
746 1324 835 1394 ούτω
856 1323 919 1411 τήν
941 1331 987 1406 είς
1008 1327 1071 1412 τήν
1092 1335 1252 1397 Σικελίαν

140 1431 350 1513 μετοικεσίαν
374 1429 608 1513 στειλαμένων.
638 1425 655 1496 6
679 1432 721 1496 δὲ
740 1432 931 1512 Δίδυμος
952 1423 989 1494 τό
1010 1424 1249 1519 ἀκριβέστερον

141 1535 199 1614 τής
227 1531 374 1613 ἱστορίας
400 1531 567 1596 ἐκτίθεται
602 1529 755 1617 μάρτυρα
784 1535 925 1614 Τίμαιον
953 1527 1013 1607 τόν
1044 1529 1252 1613 συντάξαντα

141 1629 181 1696 τά
205 1631 280 1715 περί
302 1635 360 1714 τής
374 1635 531 1708 Σικελίας
551 1633 606 1719 (fr.
623 1636 661 1696 19
676 1634 742 1698 vol.
756 1633 773 1697 I
785 1657 816 1719 p.
832 1636 893 1698 240
906 1633 957 1697 ed.
972 1633 1100 1722 Muell.)
1122 1659 1252 1723 προφε-

141 1731 294 1818 ρόμενος.
339 1726 420 1816 ήδὲ
448 1735 576 1815 ίστορία
598 1728 706 1811 οὕτως
734 1737 810 1817 έχει.
855 1732 978 1819 Θήρων
1000 1729 1018 1800 ὁ
1045 1742 1113 1805 τῷν
1133 1735 1252 1828 Ἀκρα-

141 1839 310 1919 γαντίνων
331 1830 489 1920 ’βασιλεύς
515 1837 644 1901 Γέλωνι
669 1841 714 1924 τῷ
732 1832 882 1919 Ἱέρωνος
912 1833 1049 1926 ιἰδελφῷ
1072 1841 1251 1928 ἐπιτηδεύ-

144 1953 204 2015 σας
224 1936 319 2023 γάμῳ
345 1932 509 2001 συνάπτει
532 1933 594 2021 τήν
617 1931 724 2003 αὑτοῦ
750 1939 923 2024 θυγατέρα
944 1943 1164 2030 Δημαρέτην,
1187 1941 1251 2030 άεμΙ
1270 1997 1277 2008 ,.

142 2029 181 2122 ής
203 2039 259 2105 καὶ
278 2035 315 2103 τό
338 2038 568 2122 Δημαρέτειον
588 2034 735 2122 νόμισμα
753 2039 790 2102 ἐν
807 2045 956 2127 Σικελίᾳ.
995 2047 1057 2106 τοῦ
1080 2041 1117 2108 δέ
1138 2045 1251 2113 Γέλω-

143 2164 201 2217 νος
223 2142 383 2206 τελευτάν
408 2139 468 2204 τὸν
498 2143 574 2224 βίον
599 2139 778 2222 μέλλοντος
800 2137 994 2224 Πολύζηλος
1021 2138 1168 2229 ἀδελφός
1189 2145 1251 2231 τήν

143 2244 344 2327 στρατηγίαν
366 2239 421 2305 καὶ
443 2235 505 2324 τὴν
527 2237 675 2325 γαμετήν
695 2243 757 2304 τού
783 2234 936 2324 άδελφού
959 2244 1144 2328 διαδέχεται
1167 2247 1250 2315 κατά

142 2339 199 2421 τὰς
211 2346 363 2419 Γέλωνος
383 2346 445 2406 τοῦ
467 2338 619 2426 άδελφού
641 2337 846 2426 προστάξεις,
871 2336 1004 2408 ω’στετό
1021 2343 1182 2430 Θήρωνος
1205 2355 1251 2430 είς

143 2445 278 2510 Γέλωνα
301 2446 404 2527 κήδος
429 2447 474 2519 είς
497 2439 557 2508 τόν
580 2440 777 2524 Πολύζηλον
797 2452 1066 2526 μετατεθεῖσθαι.
1109 2433 1250 2540 λαμπρῷ

143 2549 179 2612 δὲ
209 2541 299 2634 αύτῷ
327 2545 381 2610 καὶ
410 2547 618 2632 περιβλέπτῷ
647 2541 847 2626 τυγχάνοντι
880 2543 963 2612 κατὰ
996 2547 1058 2632 τήν
1089 2557 1250 2620 Σικελίαν

138 2643 250 2732 Ἱέρων
271 2646 449 2730 φθονήσας
476 2641 494 2712 6
515 2639 659 2729 άδελφός
683 2642 737 2709 καὶ
761 2642 933 2729 πρόφασιν
956 2647 1171 2736 σκηψάμενος
1189 2653 1250 2721 τὸν

144 2744 227 2833 πρός
251 2750 443 2832 Συβαρίτας
474 2743 621 2829 πόλεμον
650 2741 832 2811 ἀπελαύνει
862 2752 920 2831 τής
948 2753 1115 2834 πατρίδος.
1165 2748 1250 2820 άλλόι

142 2854 197 2918 καὶ
222 2854 344 2917 τοῦτον
371 2845 576 2930 κατώρθωσε
602 2843 663 2912 τόν
691 2844 839 2931 πόλεμον
869 2843 886 2913 6
916 2849 1118 2935 Πολύζηλος.
1170 2849 1187 2920 6
1213 2857 1249 2922 δὲ

142 2953 186 3040 μή
218 2953 333 3037 φέρων
355 2947 567 3034 γυμνότερον
589 2945 696 3014 αὐτοῦ
718 2961 916 3033 κατηγορεῖν
944 2951 1097 3035 έπειράτο
1126 2978 1249 3023 νεωτε-

143 3059 274 3140 ρισμοῦ.
319 3051 374 3116 καὶ
397 3046 486 3116 οὕτω
508 3046 567 3115 τόν
586 3045 731 3136 Θήρωνα
753 3045 1117 3138 ὑπεραγανακτήσαντα
1137 3065 1249 3142 θυγα-

143 3153 220 3240 τρός
239 3150 306 3238 ἅμα
328 3153 383 3217 καλ
402 3157 558 3238 γαμβροῦ
580 3152 741 3239 συρρήξαι
756 3146 840 3234 πρός
856 3147 988 3236 Ἱέρωνα
1001 3142 1148 3241 πόλεμον
1160 3157 1249 3243 παρὰ
1295 3159 1298 3165 ⁴

142 3260 266 3344 Γέλληι,
280 3259 333 3342 τῷ
354 3258 580 3342 Σικελιωτικῷ
602 3257 754 3340 ποταμῷ,
776 3243 819 3317 οὗ
839 3258 1049 3339 Καλλίμαχος
1070 3259 1248 3344 μέμνηται·

142 3361 176 3424 οί
195 3357 233 3424 δὲ
251 3359 338 3443 Γέλα
358 3360 494 3442 ποταμῷ
516 3353 726 3437 ἐπικείμενον
747 3348 832 3419 άοτυ
856 3355 910 3442 (fr.
932 3356 949 3418 Ι
970 3380 1002 3443 p.
1026 3360 1115 3444 557).
1145 3359 1190 3445 μή
1211 3387 1249 3445 γε

142 3457 209 3546 μήν
228 3463 274 3536 είς
295 3455 442 3544 βλάβην,
472 3455 554 3539 μηδὲ
578 3458 623 3532 είς
645 3457 738 3532 τέλος
759 3460 974 3539 προχωρήσαι
999 3455 1059 3523 τὸν
1089 3458 1247 3544 πόλεμον.

142 3560 225 3646 φασὶ
246 3555 309 3644 γάρ
331 3554 406 3623 τότε
428 3559 625 3641 Σιμωνίδην
642 3552 703 3621 τόν
724 3554 865 3637 λυρικόν
887 3554 1108 3640 περιτυχόντα
1129 3564 1248 3626 διαλύ-

142 3677 198 3725 σαι
217 3671 286 3737 τοῖς
307 3661 482 3745 βασιλεῦσι
503 3652 567 3741 τήν
590 3660 725 3741 ἔχθραν.
754 3655 895 3735 Τούτοις
914 3661 1043 3735 οίκείως
1063 3671 1131 3737 τοῖς
1153 3659 1248 3744 φθά-

141 3777 240 3825 σασιν
260 3754 420 3843 εύχεσθαι
443 3763 489 3846 τῷ
510 3762 573 3825 Διΐ
598 3778 703 3843 φησι
722 3754 782 3823 τόν
804 3760 976 3845 Πίνδαρον
1001 3754 1018 3823 6
1043 3762 1246 3845 Δίδυμος,

141 3857 227 3927 ὥστε
249 3859 371 3927 λοιπόυ
400 3856 514 3939 αὐτοῖς
543 3864 713 3947 είρηναῑον
735 3854 820 3923 εἶναι
845 3856 906 3924 τὸν
935 3863 1020 3944 βίον.
1044 3856 1109 3922 κτέ.
1155 3859 1247 3939 Quae

58 4047 59 4050 Ἴ
139 3963 327 4028 Boeckhius
347 3987 378 4050 p.
402 3968 441 4028 65
462 3971 498 4027 ut
525 3985 623 4027 sensu
645 3983 739 4025 cassa
764 3962 1024 4047 necquidquam
1047 3962 1125 4024 novi
1147 3963 1247 4024 conti-

140 4064 252 4128 nentia
275 4065 398 4147 omisit‚
428 4063 646 4129 Schneiderus
666 4061 687 4126 l.
708 4085 736 4126 ο.
759 4085 790 4148 μ.
815 4063 853 4125 18
876 4085 908 4126 n.
929 4069 947 4126 7
971 4085 988 4126 e
1008 4061 1137 4125 laciniis
1159 4060 1247 4124 codi-

82 4201 85 4206 ·
140 4167 188 4228 cis
214 4164 379 4250 supplevit
405 4162 570 4248 κηδεστήν
598 4154 663 4229 ούν
693 4157 791 4248 όντα,
823 4164 927 4246 φησὶν
954 4155 972 4227 6
996 4160 1163 4244 Δίδυμος,
1186 4155 1247 4224 τόν

140 4265 286 4352 Θήρωνα
308 4271 353 4356 τῷ
374 4263 557 4356 Πολυζήλῷ
585 4273 832 4350 παραμυθεῖται
857 4259 874 4328 ὁ
896 4262 1074 4347 Πίνδαρος.
1120 4258 1246 4345 γράφει
