2894 4890
192 341 253 402 216

193 502 276 574 κατά
293 506 383 583 λέξιν
402 497 524 580 οὕτως·
547 498 730 587 Πολυζήλρι
754 502 871 564 τοίνυν
889 500 936 586 τῷ
955 500 1017 563 τοῦ
1031 491 1182 582 Ἱέρωνος
1203 491 1304 562 ἀδελ-

193 614 264 698 φῷ,
286 607 439 684 Γέλωνος
461 598 542 687 μετά
564 605 622 684 τῆς
643 602 841 685 στρατηγίας
862 598 917 664 καὶ
939 594 1001 684 τὴν
1024 609 1168 682 γυναῖκα
1184 604 1304 683 Δημα-

193 712 291 796 ρέτην
314 705 397 774 κατὰ
419 704 480 788 τὴν
502 700 660 787 τελευτὴν
672 699 909 786 ἐγγυησαντος,
933 695 1029 785 όίστε,
1052 695 1137 785 άπερ
1161 696 1304 783 είχεΓέ-

193 818 262 877 λων
284 807 368 896 πρὸς
389 803 568 894 Θήρωνος,
591 808 695 869 ταῦτα
717 799 804 887 εἶχεν
828 798 846 868 ό
868 799 1062 886 Πολύζηλος
1084 798 1168 886 πρός
1190 801 1302 866 Γέλω-

192 937 269 998 νος,
289 913 451 998 γαμβρῶν
472 899 536 974 οὖν
555 905 621 973 κτὲ.

732 995 762 1054 4.

278 1109 384 1181 ὅθεν
403 1114 642 1195 σπέρματος
664 1112 815 1192 ἔχοντα
835 1109 951 1193 ῥίζαν
970 1106 1121 1190 πρέπει
1144 1101 1305 1171 τόνΑί-

852 1205 1093 1292 ’νησιδάμου

281 1319 493 1400 ἐγκωμίων
514 1337 554 1379 τε
577 1313 735 1397 μελέων
757 1315 889 1392 λυρᾶν
912 1333 956 1374 τε
978 1307 1253 1393 τυγχανέμεν.

280 1419 387 1483 Schol.
411 1416 463 1480 Ol.
486 1421 514 1480 B
537 1416 577 1478 82
598 1439 629 1501 p.
655 1417 695 1478 72
719 1413 824 1478 Bckh.
852 1413 921 1478 ἐστι
950 1407 1012 1495 μέν
1036 1411 1091 1476 καὶ
1114 1407 1203 1477 οὕτω
1228 1414 1305 1477 δια-

194 1517 334 1587 στείλαι·
358 1514 443 1584 ὅθεν
467 1518 654 1600 σπέρματος
676 1516 784 1596 ἔχοντι
806 1513 914 1599 ῥιζαν,
943 1507 1012 1577 εἶτα
1034 1506 1092 1578 ἀπ’
1119 1509 1221 1598 άλλης
1242 1509 1305 1599 άρ-

193 1627 268 1707 χῆς·
290 1619 409 1704 πρέπει
430 1611 489 1682 τόν
512 1615 757 1701 Αίνησιδημου.
802 1609 822 1680 δ
844 1614 929 1701 (cod.
955 1611 1018 1699 ἥν,
1042 1637 1086 1679 ου.
1111 1613 1305 1700 διαστολην,

194 1734 230 1788 ut
253 1721 472 1788 Schneiderus
496 1719 645 1802 adnotat;
668 1720 775 1806 possis
797 1705 832 1803 ᾗ)
854 1717 908 1780 καὶ
930 1717 1122 1800 Δίδυμος
1143 1711 1306 1799 ἀποδέχε-

195 1847 257 1889 ται.
289 1816 553 1906 Ἀρίσταρχος
572 1815 609 1885 δὲ
631 1815 756 1896 οὕτως·
784 1813 868 1883 ὅθεν
891 1815 1078 1900 σπέρματος
1100 1819 1217 1900 ἔχοντα
1241 1820 1306 1906 (sic

156 1979 175 2010 ¹.
194 1925 255 1990 Th.
277 1923 442 2010 Bergkius
463 1923 553 1987 PLG
574 1945 605 2008 p.
623 1924 663 1986 23
687 1921 737 1986 ed.
761 1920 806 2005 ΙΙ,
828 1919 974 1985 Boeckh.
997 1921 1118 2004 ἔχοντι,
1141 1921 1224 2004 cod„
1248 1924 1305 2007 qui

194 2060 340 2124 voluisse
367 2056 499 2120 videtur
528 2035 620 2138 ἐχοά,
649 2055 783 2120 exhibet
810 2055 901 2140 ἔχον)
927 2053 1020 2138 ῥίζαν
1040 2048 1101 2118 τόν
1119 2053 1306 2137 Αἰνησιδά-

194 2183 270 2244 μου.
316 2151 362 2233 ὡς
385 2158 453 2220 τῶν
480 2160 563 2218 ίσων
593 2151 678 2220 εἶναι
707 2153 743 2220 τό
771 2157 856 2242 (cod.
875 2155 934 2241 τῷ)
964 2147 1044 2236 “οἰφ’
1068 2144 1117 2218 οἷν
1138 2158 1246 2238 ἔχοντι
1266 2155 1304 2222 τό

195 2260 343 2341 σπέρμα’
363 2260 410 2343 τῷ
433 2253 679 2340 Ἀἰνησιδάμου
704 2258 767 2343 υἱῷ
787 2247 906 2337 πρέπει
928 2257 1044 2337 λυροῖν
1060 2255 1115 2320 καὶ
1130 2257 1306 2342 ἐγκωμίων

195 2355 399 2441 τυγχάνειν.’
444 2360 571 2440 γίνεται
593 2359 639 2441 δέ,
662 2357 767 2441 φησὶν
790 2352 807 2421 ὁ
832 2359 1038 2440 Δίδυμος,
1060 2352 1142 2421 κατά
1164 2354 1226 2441 τὴν
1248 2359 1306 2424 ἐκ-

194 2457 307 2545 φοράν
329 2455 455 2541 ταύτην
476 2457 644 2543 παρέλκον
665 2453 701 2523 τό
729 2462 970 2543 (τυγχανέμεν)

280 2563 395 2647 Itaque
410 2559 575 2646 Didymus
597 2559 765 2645 vulgatam
786 2561 959 2636 lectionem
982 2562 1131 2626 codicum
1152 2559 1306 2624 tuebatur

145 2709 147 2714 -
195 2674 308 2730 contra
337 2660 520 2727 Aristarchi
546 2660 720 2726 lectionem
749 2663 866 2744 ἔχοντα
903 2685 923 2725 a
954 2663 1101 2747 Bergkio
1129 2670 1304 2748 receptam.

193 2803 235 2815 —-
256 2765 460 2830 Vide'etiam
483 2761 586 2849 Tych.
609 2763 800 2827 Mommsen.
824 2764 859 2826 in
881 2763 966 2827 Mus,
989 2762 1051 2828 Rh.
1075 2763 1116 2827 N.
1139 2763 1178 2826 F.
1201 2763 1250 2826 IV
1272 2787 1303 2849 p.

195 2870 255 2930 549
280 2873 312 2929 et
334 2863 569 2946 Schneiderum
591 2862 612 2927 l.
636 2886 663 2927 c.
686 2888 718 2950 p.
743 2865 838 2927 2211.
863 2866 892 2927 3.
1170 2864 1175 2871 ⁴

734 3019 763 3079 5.

246 3183 247 3186 .
362 3127 481 3210 πόσις
514 3127 712 3198 ἁπάντων
735 3128 841 3209 Ῥέας
876 3126 1107 3216 ὑπέρτατος
1139 3133 1306 3216 ἐχοίσας

933 3232 1094 3317 θρόνον

281 3330 390 3396 Schol.
414 3331 465 3396 01.
485 3337 514 3396 B
535 3337 594 3400 140
613 3358 645 3420 p.
660 3337 696 3398 81
722 3329 814 3418 ὁμὲν
830 3331 1041 3422 Ἀρίσταρχος
1059 3334 1206 3414 πόσιος
1227 3335 1305 3420 γρά-

194 3458 251 3518 φει
281 3427 297 3498 ὁ
329 3425 511 3518 πάντων,
538 3432 593 3497 καὶ
622 3430 682 3499 τόν
705 3439 771 3501 Δία
799 3431 916 3502 άιιοόει
937 3434 1113 3522 συμπότην
1137 3434 1221 3504 εἶναι
1243 3444 1307 3506 τοῦ

189 3529 450 3620 Ῥαδαμάνθυος.
474 3527 546 3599 δδδ
562 3538 750 3621 Δίδυμος
773 3537 825 3603 ἐπὶ
847 3543 908 3603 τοῦ
924 3536 1063 3622 Κρόνου
1079 3543 1224 3626 ιιαθιστρλ
1245 3538 1306 3606 τὸν

194 3633 298 3719 λόγον
322 3638 384 3723 (sic
408 3637 586 3721 Gerhard„
609 3638 681 3702 cod.
703 3634 858 3726 κρόνον)·
893 3635 1011 3705 ὅντινα
1029 3634 1264 3723 Ῥαδάμανθυν
1286 3636 1305 3706 ὁ

195 3732 303 3822 πατὴρ
338 3735 475 3802 πάντων
514 3732 532 3803 ὁ
557 3733 706 3824 Κρόνος,
748 3734 846 3823 ὁτῆς
865 3744 932 3823 Γῆς
963 3751 1054 3824 παῖς,
1088 3735 1106 3805 ὁ
1137 3735 1224 3826 άνηρ
1247 3746 1307 3825 τῆς

194 3834 255 3905 τόν
283 3833 414 3908 ὕπατον
444 3835 585 3920 ἐχούσης
611 3834 741 3922 θρόνον
761 3834 848 3918 Ῥέας
876 3840 1011 3925 ἕτοιμον
1035 3841 1091 3905 καὶ
1119 3835 1307 3927 άχιόριστον

195 3941 261 4022 ἔχει
288 3938 470 4023 πάρεδρον.
517 3938 735 4005 Schneiderus
765 3941 786 4004 l.
810 3965 838 4007 ο.
862 3966 893 4028 p.
923 3945 963 4006 26
991 3942 1037 4006 nil
1060 3943 1125 4008 nisi
1145 3942 1208 4007 hoc
1231 3966 1304 4029 pro·

193 4042 295 4105 traxit
329 4043 474 4125 καθιστᾷ
509 4034 570 4105 τὸν
605 4039 731 4123 κρόνου
760 4035 927 4124 ὀνομάσας
957 4042 1046 4129 (fort.
1077 4036 1118 4107 δν
1143 4037 1161 4108 ὁ
1184 4041 1303 4129 μέγας)

194 4137 313 4226 πατὴρ
325 4135 501 4208 πάντωνὸ
525 4139 655 4224 κρόνος.
687 4141 822 4228 ἕτοιμον
841 4140 895 4209 καὶ
917 4137 1103 4225 άχοόριστον
1119 4145 1184 4226 ἔχει
1210 4141 1299 4229 πάρ-

195 4243 325 4326 ιδρον.
