2866 4882
219 367 281 430 326

218 534 361 600 rationes
390 528 566 596 nonnullae
595 536 684 610 sunt,
720 548 803 614 quae
825 533 960 612 cogant,
993 534 1030 592 ut
1054 526 1113 590 has
1137 527 1254 594 turbas
1276 551 1343 594 non

219 634 358 720 abipso
386 629 595 712 Marcellino,
628 629 686 695 sed
716 650 736 692 a
764 627 880 692 scribis
903 626 1113 714 librariisque
1141 637 1247 694 motas
1269 652 1342 696 esse

220 734 402 800 credamus.
445 731 497 797 Ac
523 731 662 817 primum
684 732 817 818 quidem
839 735 869 812 g.
894 731 912 793 3
943 728 1097 816 Didymo·
1114 732 1342 796 testimonium

221 836 452 916 denunciatur,
496 837 532 896 'ut
568 830 631 895 hoc
660 831 764 895 solum
791 831 933 895 affirmet
960 830 1144 895 Miltiadem
1173 832 1342 898 Maratho-

219 939 310 1002 nium
337 957 381 1000 ex
409 933 522 998 Aiacis
548 931 749 996 descendere
776 932 944 1019 prosapia,
985 953 1050 998 nou
1082 942 1119 997 ut
1151 955 1222 996 nna
1254 956 1342 999 com-

219 1038 336 1127 probet
356 1032 585 1122 Thucydidem
602 1032 644 1096 ab
667 1034 795 1118 origine
810 1032 970 1098 Miltiadis
985 1043 1196 1118 generatum:
1219 1035 1342 1100 deinde

221 1138 294 1224 quis
317 1136 441 1223 estqui
463 1136 497 1198 iu
519 1135 663 1198 animum
686 1134 820 1199 inducat
841 1135 929 1199 vitae
948 1145 1124 1218 auctorem,
1147 1137 1243 1200 cuius
1259 1135 1342 1201 haec

221 1239 286 1302 sint
319 1241 350 1318 §-
378 1241 398 1300 4
435 1234 537 1300 verba
568 1228 644 1299 ἀλλ’
673 1228 736 1299 οὐκ
770 1227 813 1298 civ
839 1239 928 1299 alnos
960 1258 1030 1318 τις,
1063 1239 1096 1300 τί
1126 1231 1219 1324 αὐτῷ
1255 1233 1342 1318 πρὸς

221 1338 456 1420 &corcodillum
489 1337 608 1424 quique
637 1344 721 1402 teste
749 1337 943 1424 Doxopatro
971 1359 990 1404 e
1017 1337 1157 1402 testibus
1187 1339 1341 1405 omnibus

221 1440 310 1507 solus
330 1438 502 1505 verissime
525 1431 715 1519 ἀπέγγονον
730 1438 889 1504 Miltiadis
910 1440 1079 1504 vocaverit
1097 1439 1340 1526 Thucydidem,

221 1542 361 1608 eundem
382 1538 471 1627 quod
492 1537 633 1603 debebat
654 1538 769 1603 lectori
789 1546 927 1604 stemma
951 1541 1021 1604 eius
1037 1541 1228 1606 continuum
1251 1541 1341 1608 haud

221 1643 383 1708 solvisse?
427 1640 519 1720 Quae
544 1661 617 1703 cnm
639 1641 685 1704 ita
706 1641 785 1716 sint,
807 1639 879 1704 lnce
901 1639 1021 1704 clarius
1043 1649 1092 1705 est
1115 1645 1146 1723 ξ.
1175 1647 1213 1706 14
1235 1643 1341 1708 verba

222 1739 289 1808 ἀπὸ
318 1736 443 1806 τούτου
470 1728 535 1803 οὖν
560 1775 596 1788 «-
620 1740 717 1823 γένος
745 1741 915 1826 excepisse
941 1741 1071 1808 demum
1092 1743 1298 1828 gentiliciam
1319 1767 1340 1808 a

221 1841 370 1908 Miltiade
398 1840 441 1906 ad
462 1839 690 1926 Thucydidem
716 1861 820 1927 usque
842 1843 1063 1907 continuatam
1086 1846 1339 1930 successionem,

222 1945 315 2008 cuins
344 1944 531 2006 etiamnunc
561 1951 737 2026 supersunt
769 1942 894 2007 leviora
925 1942 1085 2030 quaedam
1115 1947 1262 2030 vestigia
1287 1947 1339 2012 his

222 2043 333 2109 verbis
356 2044 514 2129 impressa
536 2042 630 2106 δοκεῖ
648 2030 723 2105 οὖν
744 2059 832 2107 τισιν
856 2091 892 2106 ..
920 2092 927 2106 .
951 2038 1119 2109 structori
1141 2042 1338 2114 Μιλτιάδου

222 2140 243 2230 ἢ
269 2144 510 2227 θυγατριδοῦς.
555 2140 664 2228 Atque
692 2143 822 2226 horum,
850 2167 931 2230 quos
954 2141 1049 2223 τινάς
1069 2155 1183 2231 vocat,
1203 2153 1340 2215 testium

223 2246 370 2336 opinioni
385 2264 458 2308 curn
478 2244 567 2308 vitae
587 2251 700 2308 auctor
714 2245 788 2309 ideo
806 2253 843 2308 ut
858 2247 1034 2312 accesserit
1053 2248 1125 2312 fieri
1140 2269 1207 2314 non
1223 2254 1340 2336 possit,

223 2346 311 2435 quod
331 2344 560 2431 Thucydidem
581 2342 740 2408 Miltiadis
763 2338 953 2428 dniyyovov
974 2356 1063 2413 recte
1084 2348 1214 2434 habuit,
1237 2375 1338 2440 appa-

221 2458 273 2514 ret
293 2448 355 2512 hoc
374 2447 446 2533 ipso
469 2445 540 2510 loco
556 2445 672 2510 deesse
686 2445 821 2532 aliquid,
844 2449 1028 2512 accuratius
1042 2458 1122 2536 puta
1137 2451 1338 2542 descriptum

222 2558 368 2632 stemma,
390 2569 454 2634 quo
479 2546 568 2623 τινές
588 2545 638 2610 illi
659 2545 890 2612 refutarentur.
911 2547 957 2618 At
978 2570 1173 2636 quamquam
1194 2557 1339 2622 certissi.

221 2673 310 2716 mum
332 2657 381 2714 est
402 2670 482 2732 reru,
503 2668 587 2735 quae
609 2647 778 2733 agebatur,
798 2647 889 2713 nullo
911 2659 1103 2733 argumento
1126 2653 1243 2720 melius
1263 2680 1340 2722 con-

221 2754 276 2818 fici
294 2752 456 2839 potuisse,
490 2771 587 2836 quam
608 2749 736 2814 adiecta
757 2749 961 2838 Thucydidis
984 2752 1194 2840 genealogia,
1225 2765 1339 2824 tamen

221 2855 309 2920 vitae
332 2862 444 2918 auctor
464 2852 526 2915 hac
546 2851 686 2916 fortasse
707 2854 833 2917 ratione
857 2853 989 2935 ductus,
1018 2856 1107 2940 quod
1123 2857 1231 2943 ipsum
1254 2860 1338 2926 illud

222 2963 359 3019 stemma
379 2974 446 3017 non
468 2952 510 3017 ab
532 2954 620 3017 omni
636 2954 821 3040 suspicione
835 2953 975 3018 liberum
990 2956 1168 3042 videretur,
1189 2960 1337 3028 tabulam

221 3053 388 3118 addidisse
415 3053 676 3136 gentiliciam,
650 3076 678 3117 ιιι
697 3053 778 3139 quid
797 3053 910 3136 video,
933 3057 1012 3120 satis
1037 3080 1104 3123 nen
1124 3059 1255 3145 habuit,
1278 3065 1338 3130 scd

221 3154 287 3218 alia
306 3161 500 3237 argumenta
520 3153 639 3219 idonea
659 3160 695 3216 ut
716 3153 849 3218 afferret
872 3157 1037 3223 studuisse
1059 3182 1265 3248 summopere
1288 3167 1337 3230 vi-

221 3255 326 3319 detur
372 3253 481 3339 Atque
507 3261 770 3337 argumentorum
800 3256 868 3320 vim
893 3265 924 3320 et
947 3262 1172 3326 auctoritatem
1194 3267 1337 3350 primurn

220 3354 255 3418 id
278 3353 401 3436 habuit,
425 3353 513 3440 quod
533 3352 737 3437 Thucydidis
758 3357 845 3439 patri
864 3365 896 3421 et
914 3358 1073 3425 Miltiadis
1096 3385 1209 3431 socero
1233 3367 1336 3433 Thra-

220 3455 271 3518 cio
293 3454 380 3518 idem
408 3459 494 3520 esset
516 3475 635 3520 nomen
656 3453 763 3537 Olori,
794 3455 929 3541 deinde,
959 3462 1046 3546 quod
1067 3464 1311 3552 Thucydides'
1301 3493 1336 3533 m

220 3556 361 3621 Thracia
382 3555 607 3642 Scaptesulam
628 3573 730 3641 prope
750 3554 879 3622 fodinas
899 3559 1044 3644 haberet,
1066 3574 1232 3649 postremo
1247 3573 1337 3656 qnod

220 3658 424 3745 Thucydidis
447 3678 567 3742 corpus
597 3665 746 3721 enectum
788 3660 822 3721 in
851 3659 1011 3726 Cimoniis
1039 3665 1198 3752 sepulcris
1224 3668 1337 3735 huma-

219 3769 287 3825 tum
324 3769 419 3824 esset.
470 3757 525 3822 Ex
558 3756 610 3820 his
643 3761 845 3842 argumentis
878 3761 924 3844 ei,
959 3764 1046 3849 quod
1082 3768 1226 3834 secundo
1263 3771 1336 3840 loco

218 3861 323 3946 posui,
352 3863 422 3946 ipse
443 3880 509 3923 non
528 3857 665 3924 multum
687 3859 873 3945 tribuerim,
895 3864 984 3948 quod
1002 3865 1192 3954 Hermippo.
1207 3870 1333 3956 (9.19)

217 3971 302 4026 teste
322 3960 457 4024 divitias
480 3959 553 4024 illas
568 3961 777 4026 historiarum
797 3965 949 4050 scriptori
963 3988 1067 4032 uxore
1078 3967 1221 4035 Thracia
1236 3973 1336 4040 ducta

217 4069 452 4143 accesserunt„
482 4063 649 4150 quodque,
685 4064 714 4127 si
746 4064 940 4151 Doxapatro
976 4066 1058 4132 fides
1091 4069 1244 4137 habenda
1273 4086 1333 4159 est,

218 4163 248 4239 ἕ.
269 4161 316 4241 14,
336 4162 384 4224 uti
403 4160 557 4247 diximus,
578 4163 620 4229 de
634 4162 734 4228 Oloro
757 4186 864 4251 neque
879 4166 919 4230 de
935 4167 1130 4255 Thucydide
1146 4195 1254 4240 sermo
1270 4186 1329 4242 est.

217 4257 282 4326 Sed
312 4262 416 4350 primo
449 4285 488 4328 ao
518 4264 615 4329 tertio
648 4276 839 4352 argumento
869 4270 1065 4354 gravissimo
1098 4293 1212 4352 carere
1238 4279 1329 4347 nullo
