2866 4882
1163 375 1225 437 279

114 538 202 602 Ante
222 559 253 599 a.
277 537 339 598 450
361 556 393 620 p.
411 532 448 598 O.
467 533 567 618 igitur
589 532 739 598 absoluta
761 535 825 599 fuit
845 536 1042 602 scholiorum
1062 541 1219 607 collectio.

115 641 160 704 01
179 638 335 723 ἐξηγηταί
359 635 498 699 fortasse
520 634 702 722 Dionysius
726 635 840 701 Crates
860 637 1016 703 Euclides
1040 650 1125 706 sunt.

198 739 313 825 Neque
341 738 476 801 minoris
499 739 654 802 momenti
682 736 877 804 scholiorum
907 749 939 804 et
958 741 1117 827 Hesychii
1146 766 1220 808 con-

113 863 236 908 sensus
253 839 490 906 existimandus
513 847 576 921 est,
598 859 734 925 quorum
756 844 997 926 comparatione
1016 843 1103 907 idem
1123 845 1221 931 plane

112 943 265 1024 efficitur,
286 941 374 1028 quod
395 939 575 1004 rationibus
591 941 675 1005 inter
698 962 733 1006 se
755 944 849 1006 nexis
866 942 1092 1029 conclusisque
1112 967 1220 1032 supra,

112 1066 176 1131 quo
207 1042 278 1107 loco
302 1041 516 1118 Laurentiani
543 1041 731 1127 interpretis
758 1043 982 1130 Hesychiique
1010 1048 1220 1130 comparatio-

87 1167 187 1209 ·nem
209 1146 425 1226 instituimus,
451 1143 593 1206 assecuti
622 1165 694 1206 esse
717 1145 876 1208 videmur.
922 1143 1029 1223 Quam
1056 1167 1221 1233 compara-

110 1249 233 1310 tionem
256 1267 277 1308 1
302 1244 397 1309 nobis
425 1243 609 1308 inchoatam
637 1247 741 1329 magis
768 1267 864 1331 quam
893 1245 1077 1318 absolutam
1096 1249 1124 1312 si
1147 1254 1220 1336 quis

110 1348 295 1413 indefessus
319 1347 363 1410 ad
381 1345 478 1408 finem
501 1341 708 1430 perduxerit,
731 1369 797 1411 non
819 1347 931 1411 dubito
955 1351 1034 1434 quin
1056 1353 1220 1416 sexcentis

111 1451 192 1514 locis
214 1449 410 1514 scholiorum
434 1453 466 1508 et
494 1444 719 1531 lexicographi
740 1456 932 1520 concentum
955 1449 1141 1516 detecturus
1168 1454 1220 1534 sit,

111 1553 173 1616 hac
191 1561 261 1614 arte
275 1546 513 1635 explicandum,
535 1554 572 1609 ut
588 1545 630 1609 ab
645 1547 709 1611 illis
721 1548 859 1634 Didymi
880 1554 1156 1637 commentarium,
1178 1553 1219 1617 ab

111 1653 173 1718 hoc
194 1651 332 1737 Didymi
353 1648 483 1712 lexicon
505 1649 540 1711 in
561 1647 704 1730 tragicos
720 1648 864 1714 Graecos
884 1653 1096 1738 compositum
1117 1663 1220 1717 trans-

112 1756 235 1838 scripta
253 1773 325 1815 esse
349 1750 513 1814 dicamus}
551 1747 665 1834 Neque
685 1748 721 1813 O.
742 1748 916 1816 (1001111
940 1755 1044 1818 aciem
1065 1756 1126 1816 iste
1146 1775 1219 1817 con-

112 1876 226 1918 sensus
244 1853 345 1937 fugit,
367 1852 460 1914 ouius
483 1850 526 1914 of.
549 1849 659 1913 adnot.
678 1849 721 1913 ad
739 1850 840 1915 schol.
863 1852 943 1917 Eur.
967 1854 1040 1917 Alo.
1062 1856 1118 1935 98,
1141 1876 1219 1940 quo-

112 1978 186 2019 cum
208 1953 350 2018 oonferri
363 1951 454 2015 iubet
466 1952 546 2015 Hes.
561 1946 726 2034 άρδανίαι,
750 1953 792 2016 ad
806 1953 906 2017 schol.
920 1954 1024 2017 Andr.
1041 1957 1109 2035 166,
1131 1957 1219 2040 quod

111 2057 218 2138 Ionis,
241 2057 275 2117 in
297 2075 394 2140 quem
415 2052 579 2139 Didymus
603 2062 837 2118 commentatus
860 2065 910 2118 est
932 2051 1141 2136 vocabulum,
1165 2079 1217 2141 ap.

111 2156 258 2243 Hesych.
293 2152 398 2238 σάρον
426 2154 622 2218 illustrando
652 2162 683 2216 et
706 2155 908 2217 emendando
928 2153 1075 2214 inservit.
1120 2155 1217 2218 Adde

110 2259 185 2322 Alc.
214 2262 291 2322 1001
322 2256 428 2320 Andr.
458 2258 497 2318 17
525 2255 615 2340 (195)
646 2255 745 2318 Rhes.
776 2258 837 2323 416
867 2248 940 2311 ooll.
969 2250 1048 2313 Hes.
1079 2249 1216 2318 σκότιοι.

111 2356 239 2442 χόρτος.
263 2352 416 2440 ὑπερθεῐ.
431 2351 576 2440 ’άμνστίς
597 2355 731 2441 (Athen.
754 2353 806 2416 XI
820 2372 851 2434 p.
877 2351 936 2413 783
963 2349 1069 2439 [1040]
1091 2353 1150 2440 D).

197 2458 438 2543 Subiungemus
459 2459 513 2521 hio
531 2457 612 2521 alios
624 2455 711 2520 locos
731 2449 915 2532 nonnullos,
938 2474 1019 2538 quos
1040 2475 1060 2516 1
1073 2453 1218 2542 Didymo

111 2561 276 2648 profectos
298 2583 370 2624 esse
395 2557 565 2644 probabile
587 2555 709 2622 1111111111
737 2549 905 2616 doetrinae
926 2553 1110 2639 Didymeae
1132 2557 1217 2621 colo-

58 2669 64 2678 '
111 2673 181 2745 res‘,
205 2661 323 2747 quibus
353 2659 433 2726 alia
445 2679 572 2744 quoque
600 2649 738 2732 scholia,
767 2673 903 2746 quorum
929 2654 1141 2718 fundamenta
1161 2656 1217 2720 ille

110 2765 202 2845 iecit
228 2763 374 2826 infucata
401 2769 486 2825 sunt
535 2752 610 2814 Huc
637 2751 744 2815 111111
768 2753 869 2817 schol.
901 2753 942 2817 V.
969 2753 1127 2819 Androm.
1158 2760 1216 2821 167

109 2855 272 2951 Ἀχελῷον
295 2866 363 2926 πᾶν
383 2855 474 2937 ὕδωρ
497 2849 662 2935 ποτάμιόν
676 2873 792 2936 φασιν,
814 2847 858 2928 ὡς
878 2855 966 2936 door
986 2857 1052 2917 πάν
1073 2854 1217 2939 δένδρον

112 2963 167 3029 καὶ
188 2959 360 3062 ἀκρόδρυα
381 2953 507 3032 πάντας
526 2949 605 3030 τοὺς
626 2953 784 3037 καρπούς.
826 2955 918 3018 Haec
941 2957 1028 3019 enim
1049 2957 1217 3022 Macrobio

111 3074 196 3130 teste
217 3073 326 3128 noster
351 3055 615 3121 observaver‘at
606 3078 641 3118 m
661 3055 768 3120 lexico
793 3058 1001 3140 tragiooz-
958 3057 1121 3144 -schol
1143 3058 1216 3122 VR.

111 3169 213 3254 Hipp
241 3164 301 3226 263
328 3157 382 3223 καὶ
409 3155 575 3240 μάρτυρες
597 3158 729 3220 ἔσονται
750 3158 784 3221 oi
802 3160 914 3241 σοφοί,
939 3155 1070 3240 clueo‘
1054 3153 1128 3235 ενὸς
1150 3162 1219 3223 τῶν

112 3267 265 3349 ζσοφοόν
289 3261 380 3325 ἐστιν
403 3253 609 3341 ἀπόφθεγμα
631 3253 668 3322 ud
693 3254 824 3342 μηδὲν
847 3253 962 3341 άγαν,
986 3280 1068 3341 οπερ
1090 3263 1218 3324 Χίλωνι

112 3362 347 3450 ἀνατιθέασιν,
377 3354 421 3437 ὡς
444 3363 597 3478 Κριτίας·
626 3359 681 3424 καὶ
708 3361 898 3441 Πίνδαρος·
922 3359 1023 3440 σοφοὶ
1045 3357 1081 3423 δὲ
1104 3357 1214 3432 καὶ
1180 3384 1219 3425 το

46 3470 48 3474 ’
111 3460 259 3552 μηδὲν”
240 3487 326 3547 αμαν
347 3463 454 3538 Εὲπος
476 3455 602 3546 ᾔνεσαν
630 3464 807 3541 περισσῶς
823 3461 963 3547 (fn-255
987 3461 1217 3528 Boeokh.·l96

111 3554 993 3680 Β11ς1.).ξτόδὲμρδὲνάνανοιμὲνΧιλωνιτῳ
981 3564 1218 3644 Λακεδαιμο·
1233 3603 1237 3611 -

111 3674 174 3758 νίῳ
198 3663 434 3746 ἀνατιθέασιν,
464 3656 509 3738 ὡς
539 3665 677 3744 Κριτίας
704 3662 759 3748 (de
785 3684 859 3784 quo
877 3663 944 3743 vid.
971 3682 1041 3745 cap.
1068 3661 1117 3724 IV
1141 3684 1173 3722 n.
1198 3665 1217 3722 9

110 3736 207 3839 huius
229 3768 338 3853 libri),
371 3767 405 3830 σί
435 3760 471 3829 δὲ
495 3762 671 3902 Σωδάμῳ,
696 3755 741 3838 ὥς
772 3759 809 3826 τὸ
842 3761 879 3825 ἐν
904 3761 1008 3848 Τεγέᾳ
1030 3761 1218 3842 ἐπίγραμμα

112 3877 233 3958 δηλοῖ·
336 3905 344 3910 *¹

176 3977 259 4039 ταῦτ
264 3969 413 4051 ’ἔλεγεν
427 3962 591 4050 Σάδαμος
611 3917 805 4082 Ἐπηράτου,
828 3985 865 4038 ος
887 3984 910 4044 μ
949 3923 1165 4042 άνέθηαεν

228 4065 376 4157 μηδὲν”
354 4092 458 4153 αγαν·
482 4071 586 4154 καιρῷ
607 4062 715 4131 πάντα
736 4059 894 4146 πρόσεστι
917 4057 1012 4124 καλά.

112 4172 132 4241 ὁ
160 4173 255 4242 did
226 4172 442 4256 Θεόφραστος
467 4164 512 4246 oi3
533 4163 573 4234 τά
600 4165 761 4249 Σισύφου
791 4161 954 4245 λεγόμενα
983 4159 1037 4223 καὶ
1055 4154 1218 4241 Πιτθέως,
1246 4190 1247 4193 ¹

112 4270 202 4364 οἷον
245 4265 398 4367 eques
378 4294 479 4355 ayov·
523 4265 605 4354 μηδὲ
634 4269 732 4350 δίκην
759 4259 906 4349 ὃικάσης.
952 4260 1035 4326 (lum
1063 4259 1114 4324 his
1142 4281 1217 4329 oon-
