2812 4868
210 335 251 400 58

207 506 335 567 nianea.
359 501 432 566 Hoc
454 509 542 566 certe
563 502 670 566 minus
693 502 819 584 mirum,
843 501 929 589 quod
945 501 1205 570 Eratosthenicis
1221 513 1322 586 caret,

208 604 300 668 cuius
329 604 369 668 de
394 625 427 668 v.
457 599 589 686 δρόξων
611 604 806 668 sententiam
824 611 880 668 aut
900 604 1122 690 opinationem
1143 604 1178 670 in
1199 604 1321 690 Dioge-

207 705 297 770 niani
315 704 515 790 farraginem
532 727 598 770 non
615 706 821 790 immigrasse
837 727 880 770 ex
895 713 937 770 et.
949 728 993 770 m.
1005 705 1027 771 l.
1040 729 1069 770 ο.
1085 715 1197 792 patere
1210 707 1322 772 videa-

206 817 268 872 tur.
293 805 513 892 Sagacirsima
532 815 582 872 est
597 807 639 872 de
655 809 687 872 h.
702 808 724 872 l.
737 808 898 874 Loheckii
910 809 1097 874 coniectura
1110 809 1145 874 in
1155 808 1319 897 Aglaoph.

207 909 241 974 II
270 931 302 996 p.
329 912 420 974 1031.
464 909 652 996 Hesychius
682 909 698 974 I
731 912 808 973 1031
840 909 939 974 hahet
960 909 1057 976 haec:
1081 908 1263 994 ’Δρόξων
1285 909 1322 974 ἐν

207 1015 346 1097 Σικελίᾳ
368 1007 473 1093 ἱερόν,
495 1004 581 1087 eled
600 1009 744 1095 γεωργοὶ
769 1005 868 1094 εὐχὰς
890 1012 1050 1098 ἔπεμπον,
1072 1005 1159 1080 ὅθεν
1172 1010 1229 1076 καὶ
1244 1008 1321 1094 δρά-

207 1115 320 1191 ξοντες
342 1118 418 1197 (ms.
442 1114 544 1180 Marc.
566 1109 747 1195 dedecores
769 1122 852 1178 teste
868 1113 908 1178 N.
926 1113 1062 1198 Schow„
1087 1115 1104 1192 ξ
1124 1114 1169 1181 Μ.
1186 1114 1321 1180 Musurc

207 1216 358 1300 debetur,
392 1214 595 1300 δρόσσοντες
615 1215 737 1281 Bernh.
757 1215 848 1281 Erat.
875 1239 907 1303 p.
935 1219 1010 1298 166,
1039 1217 1095 1303 qui
1126 1225 1215 1302 post·
1231 1211 1324 1299 ἱερὸν

207 1317 357 1382 lacunam
379 1319 506 1406 statuit)
530 1316 722 1401 ἐκλήθησαν
746 1319 792 1402 [ολ
810 1365 947 1384 .....
970 1311 1172 1401 ἀρτιάζοντες
1180 1318 1220 1401 61.
1255 1318 1320 1391 Pro

208 1412 368 1486 E’YXAO
381 1418 466 1484 malo
481 1412 639 1484 o'rA‘Ao
651 1419 703 1486 vel
716 1415 840 1498 οὔλους
857 1421 1061 1505 ‘mergites'.
1085 1419 1321 1512 Bernhardyus
1386 1506 1390 1513 Ι

208 1522 392 1586 coniecerat
414 1514 573 1605 ἄτταρχός.
607 1519 869 1608 Lacunam’post
891 1519 983 1604 έερόν
1002 1522 1115 1588 statuit
1137 1522 1236 1588 etiam
1259 1522 1321 1586 Lc-

207 1622 363 1704 heckius,
407 1622 561 1708 supplens
602 1645 634 1687 τι
666 1613 709 1706 ἦν
742 1627 944 1716 Κοτηττοός.
998 1624 1187 1711 Etymologi
1218 1624 1322 1690 verba

207 1727 317 1812 priora
335 1726 382 1790 ric
403 1723 569 1790 emendari
583 1734 752 1810 poterunt:
775 1725 1005 1812 Apdtorv¹)·
1027 1727 1133 1792 θυσία
1147 1724 1203 1789 vel
1222 1723 1320 1808 ἑορτη

209 1825 448 1910 ἐπιτελουμένη
479 1827 536 1914 (cf.
555 1827 700 1914 Hesych.
725 1829 893 1916 Σιτνίδες)
917 1824 1088 1911 Σικελική.
1116 1873 1215 1893 .....
1236 1821 1322 1914 ὅθεν

209 1927 264 1994 aul
285 1928 522 2012 δρόξοντες.
567 1935 720 2015 σημαίνει
743 1928 808 1997 uri.
852 1931 982 1996 Deinde
1001 1929 1189 1996 Loheckius
1204 1925 1323 2006 οὕτως

206 2027 455 2117 Ἐρατοσθένης.
511 2028 672 2116 Σώφρων
711 2031 747 2098 δὲ
784 2028 1026 2111 καψιιιιδόλονς
1058 2030 1156 2112 λέγει.
1211 2031 1323 2097 Possit

208 2145 318 2199 tamen
346 2134 407 2199 sub
439 2139 547 2218 καλεῖ,
578 2146 615 2214 ut
635 2135 717 2200 locis
735 2136 929 2217 innumeris,
960 2133 1061 2198 latere
1083 2130 1322 2217 Callimachum
1397 2187 1399 2192 .

208 2237 251 2302 cf.
267 2237 306 2302 Ο.
320 2234 509 2302 Schneider.
532 2238 567 2302 in
582 2239 689 2303 diurn.
711 2246 778 2303 ant.
803 2238 887 2303 stud.
911 2238 991 2300 1848
1012 2257 1044 2321 p.
1058 2236 1131 2298 786.
1165 2235 1221 2299 An
1244 2237 1320 2299 scri-

208 2334 351 2401 bendum
392 2332 500 2416 οὕτως
530 2334 781 2423 Ἐρατοσθένης.
831 2329 917 2422 ζήτει
953 2339 999 2414 εἰς
1031 2331 1068 2400 τό
1095 2332 1331 2419 καιτηδόλονς.·

210 2435 300 2520 παρὰ
320 2428 441 2504 οὖντὸ
465 2437 667 2525 δρόττεσθαι
688 2446 846 2506 καλεῖται.
884 2440 957 2504 Ηοο
974 2437 1234 2524 supplementum
1246 2462 1322 2504 sua

209 2539 265 2604 det
287 2541 474 2629 Hesychius
496 2538 800 2626 καψιιιήδαλος·
833 2534 850 2606 ὁ
873 2536 955 2626 μετόι
976 2543 1045 2604 τοῖν
1067 2535 1107 2604 τὰ
1129 2532 1256 2622 ἄλφιτα
1278 2535 1321 2624 μὴ

208 2642 377 2708 διδόντων
399 2638 573 2729 ἁλόμενος,
593 2646 652 2710 ubi
672 2643 819 2710 Loheck.
843 2643 865 2707 l.
888 2663 916 2708 ο.
939 2642 1076 2726 corrigit
1096 2639 1323 2708 διαδιδόντων

209 2738 399 2828 ἁλωμενοςς
433 2747 519 2811 malo
550 2744 799 2831 μεταδιδόντων
827 2742 1031 2828 ελλοόμενος.
1084 2742 1194 2831 Atque
1226 2744 1264 2812 h.
1289 2769 1321 2810 v.

209 2847 376 2932 aptissime
418 2870 493 2912 cum
522 2845 658 2932 δρόξων
688 2848 864 2914 contulisse
901 2845 1083 2912 censendus
1119 2853 1169 2909 est
1200 2855 1243 2912 et.
1279 2870 1321 2912 m.

209 2955 331 3012 auctor.
376 2947 483 3014 Alteri
501 2951 589 3015 enim
610 2949 770 3016 vocabulo
796 2971 870 3014 cum
900 2970 960 3036 pro
982 2946 1125 3020 naturali
1145 2968 1205 3014 sua
1226 2948 1323 3032 origi·

208 3049 341 3112 natione
363 3057 395 3114 et
416 3059 549 3130 raptoris
573 3061 606 3118 et
627 3057 741 3118 αιοεολι·
760 3051 850 3116 notio
870 3058 902 3116 et
924 3058 1001 3115 uota
1022 3050 1132 3114 inusta
1153 3050 1210 3131 sit,
1227 3051 1262 3116 in
1278 3050 1323 3114 al·

208 3159 278 3215 tero
301 3150 361 3216 hoc
384 3174 402 3216 e
425 3151 550 3217 comica
564 3154 705 3240 quadam
719 3153 850 3220 iocandi
863 3153 1077 3238 ambiguitate
1091 3150 1199 3216 faceta
1215 3152 1323 3216 inesse

208 3259 326 3338 potest.
382 3252 437 3318 Sic
467 3254 595 3318 Latinis
627 3260 745 3332 furtum
774 3256 937 3341 significat
968 3262 1142 3339 utrumque
1170 3259 1325 3320 Ιλέοθοωλλ

210 3361 243 3418 et
272 3360 453 3420 verstohlene
476 3361 573 3422 λόεον.
628 3358 776 3442 Etenim,
803 3361 852 3424 uti
878 3378 966 3422 nunc
986 3355 1125 3420 Luciani
1151 3365 1324 3420 contextus

209 3457 313 3520 nostri
335 3458 514 3542 comparati
531 3468 615 3542 sunt,
636 3460 741 3526 forma
756 3458 1012 3542 ένααηιιιιίδαλος
1030 3457 1133 3522 utitur
1148 3458 1183 3522 iu
1197 3457 1322 3545 lexiph.

209 3577 236 3620 ο.
263 3561 301 3620 10
323 3565 346 3622 t.
367 3558 403 3622 II
424 3582 457 3645 p.
482 3561 691 3646 3361acbz.;
724 3562 783 3627 sed
806 3561 876 3628 cod.
899 3561 931 3624 A
948 3561 1092 3625 omnium
1111 3563 1323 3646 praestantis-

209 3659 310 3724 simus
332 3668 365 3726 et
383 3660 412 3724 E
438 3662 596 3748 praebent
617 3659 924 3748 ἐγκαμψιιιήδαλος,
957 3683 978 3725 a
1006 3683 1071 3747 qua
1094 3661 1234 3726 lectione
1253 3663 1322 3744 'for-

208 3770 295 3826 tasse
310 3784 376 3826 non
398 3763 561 3831 debebant
583 3766 737 3831 recedere
760 3767 912 3832 editores.
942 3764 1109 3852 Hesychio
1132 3766 1219 3829 enim
1238 3773 1322 3832 teste

209 3860 392 3947 αηδαλον
408 3872 457 3930 est
474 3868 613 3952 αἰδοῖον,
637 3867 746 3951 κέρας,
769 3856 976 3952 οιιόλαθρον.
999 3868 1190 3932 κίδαλον·
1214 3865 1320 3951 κρόμ-

207 3987 305 4048 μυον.
350 3967 465 4054 Itaque
495 3969 537 4032 ad
569 3970 684 4036 comici
715 3970 826 4034 nescio
853 3971 945 4034 cuius
972 3969 1078 4034 locum
1100 3969 1247 4057 aliquem,
1267 3969 1321 4034 cb-

208 4069 385 4133 scuriorem
404 4070 462 4134 tris
482 4071 648 4136 exstitisse
662 4073 819 4138 lectiones
837 4073 949 4137 variae
963 4072 1133 4154 videntur,
1156 4070 1322 4157 ἐγκαμψι-

278 4293 304 4360 1)
323 4287 437 4362 tripoli·
458 4284 518 4360 όνή
538 4289 673 4362 λεγομένη
693 4287 837 4360 Σικελική.
