2858 4882
1157 358 1218 420 385

102 515 124 574 I
134 531 237 587 aune,
260 521 290 574 et
308 520 427 591 longam
447 535 510 578 esse
531 522 620 578 vitam
638 517 753 594 neaal'
781 516 964 599 Haecine,
987 521 1039 583 cui
1061 543 1219 604 gramma-

101 613 160 674 tici
195 609 246 674 bis
275 612 396 676 similia
423 624 616 700 quaerentes
648 615 820 702 vapulant,
856 627 892 680 ut
920 619 1016 682 etiam
1039 621 1134 686 Bioni
1165 646 1217 709 ap.

103 710 193 774 Stob.
220 710 322 776 Serm.
350 715 368 776 8
392 736 412 776 a
437 714 528 778 Iusto
550 716 664 801 Lipsio
686 715 817 782 laudato
840 717 905 781 vol.
926 717 961 781 II
982 742 1014 805 p.
1032 722 1141 785 3845
1166 724 1217 787 ed.

100 811 208 876 Gron.
252 813 303 875 Ac
326 813 466 877 devera
488 816 618 901 quidem
641 817 774 881 Aeneae
795 827 898 882 matre
928 821 955 882 si
977 821 1109 907 quidem
1133 825 1218 887 serio

103 912 267 999 Didymus
290 913 346 978 vel
366 937 425 1000 per
448 913 616 979 historiam
641 921 848 1004 peregrinam
869 918 922 983 vel
943 922 978 983 in
989 921 1148 1004 peculiari
1160 921 1217 984 ali-

104 1036 167 1099 quo
187 1013 298 1079 libello
321 1017 493 1101 quaesivit,
515 1017 658 1103 desipuit
678 1018 818 1082 fortasse
834 1030 1014 1105 pervagato
1033 1022 1095 1086 isto
1113 1044 1217 1106 gram-

104 1116 296 1180 maticorum
314 1116 430 1201 morbo
453 1129 620 1203 correptus
643 1141 714 1182 cum
737 1120 978 1206 insipientibus,
1012 1121 1216 1208 Quamquam

103 1215 191 1279 baud
210 1216 353 1280 diffiteor
374 1214 517 1280 Senecae
539 1216 720 1300 lectionem,
744 1223 892 1304 quamvis
913 1221 1005 1285 libris
1029 1224 1159 1308 scriptis
1175 1222 1218 1285 ad

101 1339 204 1380 unum
226 1316 376 1382 omnibus
398 1318 579 1404 probatam,
601 1328 784 1405 suspectam
802 1321 882 1384 mihi
904 1323 1010 1386 videri
1031 1328 1217 1386 ‘deAeneac

104 1430 199 1482 matre
228 1427 329 1482 vero!
382 1420 539 1500 Matrem,
577 1420 664 1505 quod
694 1422 810 1504 sciam,
849 1424 1005 1486 universa
1040 1423 1217 1509 antiquitas

106 1522 255 1604 agnoscit
281 1521 459 1603 Venerem,
489 1521 547 1584 sed
575 1520 615 1583 de
643 1533 735 1584 morte
767 1522 901 1586 Aeneae
928 1522 1110 1587 dubitatum
1146 1545 1216 1590 esse

107 1632 306 1707 compertum
333 1621 506 1685 habemus:
540 1621 583 1685 of.
615 1613 713 1686 Hom.
744 1622 784 1685 Il.
816 1629 845 1687 Y
872 1627 934 1688 307
961 1623 1060 1688 schol.
1088 1623 1153 1688 vol.
1182 1623 1218 1686 ΙΙ

105 1746 137 1809 p.
166 1726 228 1787 562
260 1722 369 1786 Bekk.
401 1722 526 1786 Eudoc.
557 1746 589 1808 p.
617 1727 667 1787 76.
694 1730 733 1787 77
763 1724 873 1810 hymn.
903 1725 985 1804 Ven.
1020 1727 1079 1787 197
1108 1723 1215 1787 Strab.

105 1823 194 1886 XIII
214 1848 246 1911 p.
272 1826 333 1887 608
361 1821 534 1905 Agathocl.
560 1822 671 1910 Cyzio.
695 1847 747 1910 ap.
772 1825 860 1889 Fest.
884 1850 915 1913 p.
941 1828 1001 1891 269
1030 1825 1080 1888 ed.
1104 1824 1216 1888 Muell.

110 1924 253 2010 Cephalo
273 1921 422 2008 Gergith.
443 1931 474 1984 et
490 1923 697 2010 Hegesippus
715 1924 904 2011 Mecybern.
921 1947 972 2011 ap.
985 1925 1124 2012 Dionys.
1144 1925 1215 1988 AR.

106 2026 175 2089 149
190 2026 299 2112 Heyn.
322 2047 393 2089 exc.
417 2023 472 2085 III
491 2023 533 2087 ad
545 2019 671 2107 Vergil.
694 2025 777 2088 Aen.
794 2024 864 2087 XlI
883 2024 947 2088 vol.
962 2025 1015 2088 III
1034 2049 1066 2111 p.
1082 2028 1143 2089 843
1165 2027 1216 2088 ed.

108 2126 227 2211 Wagn.
249 2126 324 2189 Liv.
348 2125 366 2188 I
388 2128 406 2187 2
430 2123 544 2188 Aurel.
568 2124 659 2208 Orig.
682 2146 709 2187 6.
737 2127 774 2188 14
796 2124 922 2210 Hygin.
944 2125 966 2188 f.
985 2128 1042 2188 251
1067 2127 1215 2190 Iuvenal.

109 2227 175 2290 Sat.
205 2225 256 2289 XI
279 2229 319 2290 63
349 2224 529 2289 Γ[11161111
553 2228 586 2307 5,
609 2229 649 2289 43
678 2225 787 2312 Heyn.
816 2225 914 2289 Ovid.
942 2227 1020 2289 Met.
1049 2224 1134 2289 XIV
1155 2229 1216 2289 600

106 2328 233 2393 Ludov.
265 2327 305 2391 de
330 2325 432 2389 Vives
462 2325 504 2404 ad
525 2324 665 2410 August.
696 2326 727 2388 d.
750 2327 838 2390 civit.
864 2326 917 2389 dei
939 2325 1059 2390 XVIII
1085 2330 1121 2390 19
1151 2327 1215 2391 vol.

106 2429 141 2492 ΙΙ
179 2452 211 2514 p.
245 2431 316 2492 379.
351 2428 478 2490 80..-
514 2423 661 2512 Lycopb.
691 2427 788 2490 Alex.
821 2450 854 2491 v.
885 2429 971 2490 1234
992 2428 1125 2492 Aeneae
1151 2451 1216 2492 ma·

105 2541 187 2596 trem
212 2533 384 2596 Καστνίαν
395 2535 500 2609 vocat,
519 2527 550 2590 h.
564 2549 592 2590 e.
607 2526 778 2610 Venerem,
799 2527 842 2592 cf.
859 2528 886 2592 Ι.
903 2528 1025 2593 Potter.
1045 2538 1215 2612 comment.

105 2632 172 2697 vol.
196 2631 249 2695 III
276 2654 308 2717 p.
335 2631 414 2693 1463
444 2629 495 2693 ed.
517 2627 629 2692 Muell.
676 2628 771 2710 Quod
794 2650 872 2692 vero
896 2629 1100 2692 derideretur
1121 2651 1140 2692 a
1161 2628 1216 2692 Se-

104 2756 186 2798 neca
219 2732 417 2818 reliquarum
449 2732 674 2816 quaestionum
701 2733 787 2816 triga
823 2739 996 2811 nouerat,
1029 2751 1101 2793 cum
1123 2729 1216 2792 falsis

63 2903 66 2907 ,
108 2859 180 2898 eum
202 2831 409 2920 opinionibus
436 2829 679 2918 divulgatisque
701 2855 760 2918 per
786 2832 985 2895 comoediam
1006 2834 1217 2917 comparatio-

106 2936 202 3000 nibus
226 2954 394 2998 occurrere
417 2931 599 3016 cupientem
625 2934 828 3018 quaesivisse
857 2953 962 3016 neque
985 2954 1153 2995 assensum
1176 2934 1216 2995 iis

106 3060 194 3120 esse,
225 3045 261 3100 ut
291 3035 371 3098 scite
397 3033 531 3096 adnotat
559 3030 683 3097 Neuius
711 3057 743 3120 p.
767 3037 796 3115 6,
823 3031 898 3096 hino
922 3031 1015 3095 fieret
1036 3031 1216 3118 probabile,

106 3138 193 3226 quod
212 3135 438 3224 quaesivisset.
484 3131 538 3195 Sic
561 3132 616 3196 ille
637 3127 758 3198 librum
780 3141 818 3198 de
835 3141 940 3212 patrio
958 3137 1082 3197 Homeri¹
1100 3133 1216 3198 fortas-

107 3263 142 3304 se
169 3262 206 3303 eo
239 3238 374 3302 consilio
403 3238 544 3322 scripsit,
579 3241 747 3297 uteorum
772 3243 906 3300 conatus
927 3235 1133 3320 reprimeret,
1161 3236 1217 3320 qui

107 3340 285 3403 Homerum
301 3337 467 3402 Thebaica
487 3337 541 3401 vel
556 3337 704 3400 Romana
721 3336 853 3399 civitate
876 3335 1044 3416 donarent,
1064 3335 1107 3399 cf.
1120 3335 1216 3399 Hom.
1277 3330 1278 3333 '

107 3443 165 3504 vit.
190 3462 242 3525 ap.
267 3439 375 3503 Iriart.
396 3431 428 3524 p.
449 3439 509 3500 233
533 3460 550 3500 6
571 3436 642 3499 cod.
662 3435 785 3500 Metuit.
804 3441 842 3500 67
860 3435 1009 3498 Eustatb.
1023 3435 1062 3498 Il.
1079 3460 1111 3521 p.
1125 3441 1154 3517 4,
1170 3440 1218 3516 16,

108 3563 188 3627 6666
212 3542 297 3603 inter
318 3541 415 3603 etiam
437 3537 664 3603 Aristodemus
684 3536 747 3598 luit
767 3536 965 3622 Nysaeensis
988 3538 1218 3617 grammaticus

107 3642 357 3705 illustrissimus.
390 3640 466 3704 Vid.
478 3636 627 3702 Mueller.
649 3636 690 3698 fr.
711 3636 825 3698 histor.
846 3634 904 3699 Gr.
920 3633 1012 3719 IIIp.
1027 3637 1089 3698 307
1110 3634 1171 3697 661.
1190 3640 1216 3696 1.

109 3742 276 3826 Singulari
299 3741 382 3804 libro
416 3741 456 3803 de
480 3739 585 3826 patria
609 3737 743 3801 Homeri
773 3738 839 3820 egit
870 3737 966 3799 etiam
994 3733 1218 3817 Hermogenes

106 3842 317 3929 Smyrnaeus,
340 3865 372 3905 v.
396 3840 526 3904 Fabrio.
548 3839 620 3904 BG.
637 3838 725 3902 XIII
739 3861 771 3923 p.
786 3839 841 3900 181
866 3833 1074 3906 Boeckb.,0.
1091 3832 1117 3896 I.
1136 3836 1215 3896 3311

103 3944 255 4008 Mueller.
276 3943 317 4006 fr.
340 3941 454 4006 histor.
477 3941 536 4004 Gr.
560 3941 614 4004 III
636 3964 667 4027 p.
689 3942 749 4002 522
773 3960 843 4023 sqq.
878 4013 881 4018 Ι

108 4183 157 4233 has
177 4185 352 4248 quaestiones
378 4184 407 4230 in
422 4181 606 4246 Symposiacis
630 4180 718 4230 locum
741 4179 869 4228 habuisse
890 4177 1053 4240 suspicatur.
1089 4174 1155 4222 Mihi
1173 4188 1222 4237 po·

107 4270 164 4319 tius
183 4266 347 4336 μονόβιβὶοι
369 4271 453 4318 fuisse
471 4267 608 4317 videntur.

160 4376 324 4417 nrnuuus.
971 4342 1011 4400 25
