2858 4882
1158 363 1216 426 391

107 525 232 588 fontem
252 520 356 584 fuisse
376 541 442 583 non
462 519 533 582 sine
554 519 698 582 maxima
718 521 788 583 veri
805 523 913 606 specie
928 525 1114 609 suspiceris.
1149 529 1217 594 Me-

106 649 182 690 cum
192 624 272 688 sacit
282 619 516 705 Bernhardyns
529 619 563 681 in
576 618 719 683 Grundr.
733 621 764 684 d.
774 620 831 686 Gr.
844 621 909 686 Lit.
923 623 958 685 II
968 646 1000 709 p.
1014 630 1087 691 455.
1107 629 1216 717 Atque

106 751 177 793 rem
198 727 245 789 ita
263 747 299 789 se
321 720 442 784 habere
461 720 532 782 iure
555 719 739 804 colligimus
760 745 802 786 ex
824 722 955 787 Orionis
975 728 1217 816 etymologique

108 829 219 912 magni
237 845 311 888 eum
334 820 450 884 Proclo
473 842 632 884 consensu
655 823 690 884 in
712 822 916 908 explicandis
944 827 1042 890 etiam
1064 830 1139 892 aliis
1159 833 1214 914 με’-

109 934 178 992 λεσι
205 924 389 989 observato.
434 920 499 984 Hie
531 921 603 1006 ipsa
631 922 740 986 Procli
773 945 847 988 curn
882 924 1005 990 Orione
1039 949 1217 996 consensus

108 1027 340 1113 impedimento
373 1022 453 1086 mihi
485 1043 557 1086 esse
588 1023 735 1104 videtur,
770 1026 941 1110 quominus
981 1049 1053 1091 oum
1085 1029 1217 1096 Valesio

107 1124 324 1192 Boissonadio
358 1122 490 1187 Osanno
519 1133 551 1186 et
578 1123 755 1188 Welckero
782 1126 817 1188 in
847 1128 929 1211 epic.
959 1128 1041 1214 cycl.
1065 1152 1097 1215 p.
1122 1135 1141 1193 7
1162 1153 1217 1196 au-

107 1240 230 1293 ctorem
257 1223 528 1290 chrestomathiae
556 1223 754 1310 Eutychium
773 1226 934 1290 ¹Proclum
958 1228 1133 1294 Siccensen
1155 1241 1217 1295 sta-

107 1341 214 1411 tuam,
238 1327 344 1414 quode
366 1326 408 1389 ci.
426 1323 489 1387 Iul.
507 1323 647 1411 Capitol.
668 1327 702 1388 in
718 1328 875 1391 Antonin.
900 1350 927 1391 c.
942 1331 960 1390 2
979 1329 1121 1393 Trebell.
1134 1332 1216 1396 Poll.

106 1433 141 1494 in
170 1428 289 1493 Aemil.
321 1435 385 1512 tyr.
420 1425 592 1512 (Oasaub.)
632 1426 762 1511 Apulei.
799 1428 839 1492 de
871 1428 953 1492 orth.
988 1433 1020 1508 §.
1048 1433 1088 1494 43
1118 1430 1216 1497 Alex.

107 1531 254 1619 Aphrod.
279 1529 322 1592 ad
343 1527 446 1590 Arist.
472 1525 563 1611 soph.
588 1526 712 1590 elench.
734 1551 766 1613 p.
789 1533 820 1610 4,
845 1533 863 1593 6
893 1529 1023 1597 Fabrie.
1054 1533 1133 1599 bibl.
1157 1538 1215 1602 Gr.

107 1635 160 1698 IX
183 1655 215 1717 p.
239 1633 300 1694 366
330 1629 381 1692 ed.
410 1625 540 1690 Harles.
585 1626 744 1692 Proculus
767 1629 930 1694 Siccensis
959 1642 1029 1696 erat
1050 1636 1085 1697 in
1106 1635 1216 1700 latinis

106 1731 338 1820 grammaticis.
382 1728 599 1814 Etymologus
621 1729 722 1811 enim,
747 1751 941 1817 quamquam
963 1753 995 1818 p.
1017 1737 1089 1818 327,
1112 1738 1151 1800 38
1175 1738 1218 1801 ad

106 1831 216 1899 Procli
242 1828 526 1895 chrestomathiam
553 1849 732 1914 provocare
750 1829 889 1912 videtur,
912 1840 1021 1896 tamen
1040 1838 1111 1920 ipsc
1131 1836 1218 1902 hunc

107 1936 224 2000 librum
251 1953 317 1995 non
342 1931 528 2016 inspexisse
555 1928 720 2015 putandus
750 1939 812 2012 cst,
846 1933 903 1996 sed
924 1933 1035 1998 Photii
1062 1948 1217 2024 excerpta

108 2032 330 2118 transscripsit
351 2052 383 2116 p.
399 2033 459 2093 319
481 2031 533 2092 a8
550 2051 630 2114 sqq,
652 2037 687 2092 ut
710 2052 922 2118 quaecunque
941 2035 1028 2119 apud
1049 2039 1155 2122 ipsum
1176 2039 1216 2104 de

106 2138 208 2202 variis
236 2133 415 2199 carminum
443 2129 619 2214 generibus
650 2131 803 2214 leguntur
834 2153 907 2194 euin
934 2155 999 2196 non
1022 2136 1137 2199 Proclo
1158 2139 1216 2202 sed

106 2238 239 2304 Orionis
264 2231 413 2297 Thebani
442 2232 543 2315 copiis
574 2229 694 2294 debere
721 2241 886 2317 appareat.
930 2235 976 2296 At
997 2234 1149 2300 Proclum
1174 2236 1216 2300 ab

107 2337 220 2404 codem
242 2334 364 2399 Orione
385 2339 489 2395 totum
508 2331 652 2417 pendere
675 2331 852 2396 absurdum
875 2343 961 2398 esset
981 2343 1140 2400 statuere:
1160 2359 1216 2424 po-

104 2447 190 2505 terat
218 2437 304 2500 enim
331 2434 454 2520 Lycius
480 2431 692 2519 philosophus
718 2433 805 2497 haud
832 2433 946 2516 dubie,
974 2457 1070 2521 quem
1096 2437 1216 2502 librum

106 2543 186 2606 Orio
217 2537 374 2622 magister
405 2534 474 2596 eius
502 2534 701 2618 inspexerat,
730 2556 768 2598 eo
796 2544 827 2598 et
855 2536 926 2621 ipse
955 2538 1018 2618 uti,
1052 2541 1215 2625 excerptis

106 2643 258 2708 Orioneis
293 2642 465 2701 contentus
499 2656 571 2697 esse
599 2658 664 2699 non
697 2645 839 2721 poterat,
878 2658 952 2700 cum
990 2635 1033 2700 ad
1066 2641 1216 2723 magistri

107 2742 278 2810 consilium
318 2735 502 2821 veriloquio
542 2737 764 2802 tantummodo
804 2739 984 2802 carminum
1016 2759 1037 2800 a
1070 2736 1216 2826 Didymo

107 2851 263 2929 congesta
279 2847 472 2926 spectarent,
489 2839 593 2924 ipsius
612 2859 691 2901 vero
710 2838 854 2903 laborem
868 2839 995 2925 reliqua
1010 2841 1116 2922 etiam,
1133 2861 1216 2926 quae

107 2948 331 3032 disputaverat
353 2939 526 3026 Didymus,
550 2940 699 3025 proxime
721 2941 929 3024 attingerent.
962 2940 1078 3025 Itaque
1099 2960 1142 3003 ex
1164 2961 1216 3004 eo-

107 3050 180 3114 dem
203 3046 293 3110 fonte
314 3041 426 3104 hausit
445 3048 597 3125 uterque:
621 3061 684 3126 quo
706 3040 847 3105 eflicitur
868 3050 905 3105 ut
925 3063 1008 3128 quae
1033 3044 1217 3124 communia

108 3152 173 3214 sint
200 3147 329 3230 utrique
357 3152 389 3206 et
411 3151 452 3207 et.
476 3165 517 3204 m.
551 3149 701 3206 anostro
732 3141 900 3223 fluxerint,
930 3142 1077 3228 adeoque
1099 3140 1216 3206 lacuna

108 3249 215 3315 Procl.
237 3269 269 3333 p.
293 3245 365 3326 321,
389 3246 407 3305 2
428 3241 502 3306 coll.
523 3244 625 3323 326,1
653 3264 695 3305 ex
714 3241 898 3328 etymologo
917 3246 989 3324 311,
1006 3245 1045 3304 25
1068 3240 1217 3325 ἐγκώμια

107 3349 252 3438 suppleri
278 3345 392 3432 possit.
443 3343 597 3430 Suspicor
630 3344 731 3428 igitur
763 3341 899 3429 Didymi
932 3343 1034 3407 verba
1048 3335 1216 3409 ‘exaudiri

107 3476 158 3540 ap.
180 3449 287 3515 Procl.
308 3448 369 3510 320
392 3467 411 3507 a
433 3448 472 3507 25
496 3467 544 3531 sq.
568 3444 657 3532 (coll.
681 3452 723 3506 et.
745 3467 788 3507 m.
811 3447 883 3526 274,
899 3446 955 3529 46)
976 3445 1038 3506 326
1054 3465 1074 3505 a
1096 3446 1136 3507 33
1158 3445 1215 3530 (et.

107 3579 149 3618 m.
173 3548 360 3634 667,1,-4)
386 3549 443 3611 321
467 3569 487 3609 a
509 3549 549 3610 26
575 3548 631 3633 (et.
647 3567 689 3607 m.
707 3548 778 3626 776,
795 3546 850 3630 36)
874 3546 932 3608 321
955 3565 975 3605 a
995 3545 1035 3606 28
1059 3547 1214 3630 (71313)

108 3656 165 3717 321
197 3673 216 3713 a
242 3651 281 3712 30
312 3657 368 3734 (et.
390 3669 433 3710 m.
455 3650 534 3729 464,
558 3651 598 3711 56
628 3645 720 3711 Serv.
742 3645 841 3729 Verg.
866 3643 925 3708 ecl.
946 3643 977 3706 V
998 3644 1062 3729 14).
1107 3644 1216 3723 Quod-

108 3755 136 3818 si
159 3775 179 3816 a
199 3771 278 3816 vero
300 3767 366 3813 non
387 3747 559 3831 abhorret,
590 3748 649 3812 hos
671 3745 781 3810 Procli
806 3746 907 3810 libros
931 3767 974 3810 ex
994 3743 1103 3830 aliqua
1124 3754 1216 3830 parte

106 3853 245 3940 Didymi
267 3849 361 3937 quasi
383 3850 546 3934 epitomen
572 3872 660 3932 csse,
686 3847 813 3931 licebit,
843 3847 974 3934 opinor,
1004 3870 1045 3910 ex
1063 3845 1114 3909 his
1136 3847 1216 3932 ipsis

107 3955 277 4040 augurari,
303 3952 461 4038 Didymei
490 3953 597 4039 operis
631 3951 727 4038 quale
758 3950 891 4014 tandem
916 3949 1015 4013 fuerit
1034 3946 1216 4032 consilium,

108 4059 164 4144 qui
186 4055 336 4137 ambitus,
358 4076 441 4141 quae
457 4055 628 4140 dispositio
642 4052 924 4138 pertractandique
939 4050 1107 4114 materiam
1121 4050 1215 4114 ratio.

108 4157 246 4241 Singula
273 4158 375 4241 igitur
402 4156 583 4219 carminum
611 4175 732 4237 genera
759 4159 955 4214 tractaturus
976 4149 1061 4212 hanc
1083 4148 1146 4212 sibi
1168 4152 1216 4213 vi-

109 4261 203 4324 detur
235 4259 341 4343 legam
370 4261 539 4342 statuisse,
570 4268 606 4322 ut
632 4255 772 4346 primum
799 4256 851 4320 cui
879 4255 987 4320 officio
1019 4251 1215 4340 praestando
1249 4248 1251 4251 ’
1310 4308 1315 4318 .
