2866 4882
211 319 282 416 300¹

211 518 333 582 saeculi
354 518 497 605 appellat
525 516 638 581 scholl.
659 517 756 582 Hom.
786 525 968 597 auctorem,
998 516 1054 601 qui
1079 536 1148 578 rem
1171 515 1325 601 exposuit

211 620 330 705 Odyss.
350 625 369 684 λ
393 621 465 684 582.
509 619 639 683 Deinde
662 619 749 706 quod
771 619 928 682 Ioannem
949 617 1134 682 Diaconum
1156 638 1325 704 nuncupa-

209 723 271 804 vit,
301 720 359 785 ubi
392 720 492 786 schol.
523 721 658 785 Hesiod.
687 720 822 784 laudare
849 719 950 784 vellet
984 719 1027 783 ad
1049 719 1217 803 Theogon.
1250 721 1324 801 355,

209 845 275 887 non
307 823 443 888 consilio
474 824 533 888 scd
571 845 680 887 errore
714 823 836 887 accidit
868 822 990 886 homini
1020 821 1186 886 laborioso
1224 820 1326 885 facile

210 924 436 989 condonando.
487 924 575 988 Usus
605 925 690 988 onim
718 924 845 988 Natalis
876 933 925 988 est
954 923 1102 1009 exemplo
1131 922 1325 986 Trincavel-

209 1026 314 1107 liano,
343 1027 378 1090 id
406 1026 493 1113 quod
515 1026 681 1111 colligitur
704 1049 747 1091 ex
768 1027 816 1090 VI
837 1049 869 1112 p.
891 1030 965 1090 577.
1010 1025 1078 1090 Ubi
1101 1047 1175 1088 cum
1198 1023 1324 1108 allego-

209 1130 332 1193 riarum
354 1150 471 1213 corpus
495 1127 628 1192 scholiis
650 1129 793 1215 antiquis
810 1128 1016 1192 membratim
1035 1126 1135 1190 fuerit
1150 1125 1323 1207 insertum,

210 1229 345 1294 difficile
373 1238 443 1294 erat
474 1229 581 1294 minus
611 1238 733 1294 attento
763 1231 797 1292 in
815 1251 957 1293 errorem
980 1251 1141 1316 nusquam
1163 1227 1323 1292 incidere.

210 1329 263 1395 Of.
286 1330 362 1396 Nat.
385 1331 477 1396 (lom.
500 1331 535 1394 ΙΙ
558 1354 585 1397 c.
611 1336 624 1396 1
648 1355 681 1418 p.
703 1333 744 1395 92
768 1339 829 1418 sq.’

749 1520 777 1580 1.

339 1638 423 1698 Γαΐα
447 1632 487 1698 δέ
507 1656 558 1698 τοι
583 1636 718 1717 πρῶτον
740 1629 802 1717 μὲν
825 1631 972 1715 ἐγείνατο
995 1628 1069 1696 ἴσον
1092 1629 1194 1718 ἑαυτῇ

340 1729 558 1818 Οὐρανόν..
585 1785 620 1800 ..

295 1834 403 1900 Schol.
436 1836 520 1900 Ven.
553 1846 586 1900 et
618 1838 712 1902 Cant.
749 1839 808 1899 126
847 1836 1034 1917 Δίδυμος
1071 1829 1108 1897 δὲ
1140 1830 1178 1896 τὸ
1210 1837 1325 1898 ICON

210 1941 389 2004 EAYTHI
415 1931 498 2002 κατὰ
525 1936 586 2003 τὸν
611 1942 669 2021 τῆς
697 1935 886 2020 γεννήσεως
911 1932 1013 2019 λόγον
1047 1929 1167 2023 [ἤγουν
1189 1929 1243 2000 ὅτι
1266 1937 1324 2001 καὶ

211 2034 313 2114 αὐτὸς
340 2033 453 2122 οἵσπερ
482 2033 566 2124 αὐτὴ
600 2036 795 2126 ἐγεννήθη].
847 2031 892 2112 ὡς
918 2031 982 2120 γὰρ
1016 2041 1087 2113 ίσος
1119 2029 1181 2118 τὴν
1212 2033 1323 2119 φύσιν

211 2142 272 2226 (sic
295 2141 378 2205 coni.
403 2139 531 2220 Nauck.
554 2141 656 2205 Arist.
680 2142 762 2226 Byz.
783 2163 814 2225 p.
832 2143 882 2220 60,
899 2139 958 2219 833
980 2137 1080 2221 vidgo
1099 2137 1154 2202 καὶ
1169 2131 1320 2221 Ἀριστο-

210 2235 334 2324 φάνης)
356 2235 571 2325 Ἀμφιτρύων
591 2237 829 2323 γενναιότερον
851 2231 959 2301 αὑτοῦ
984 2238 1086 2301 παῖδα
1108 2242 1229 2326 γεννᾷ,
1258 2235 1324 2312 oii-¹

210 2366 274 2419 τως
303 2343 407 2430 (vulg.
429 2335 501 2423 ὅτε,
529 2364 611 2407 corr.
642 2340 750 2427 idem)
775 2336 948 2422 ἐπηυξήθη
971 2333 1118 2421 οὐρανὸς
1139 2333 1323 2424 ἀστερόεις.

296 2444 426 2508 (lortius
450 2443 535 2507 hanc
561 2444 773 2507 mutationem
806 2441 966 2505 stabilivit
992 2439 1161 2503 Nauckius
1189 2441 1225 2503 in
1252 2463 1322 2505 mu-

211 2568 266 2611 seo
288 2545 457 2612 Rhenano.

294 2648 457 2712 Fortassis
483 2648 581 2710 etiam
607 2647 642 2708 in
661 2643 800 2709 Hesiodi
823 2666 921 2730 opera
943 2654 974 2708 et
993 2644 1063 2708 dics
1087 2652 1322 2710 commentatus

210 2758 269 2813 est.
315 2748 551 2813 Testimonium
572 2747 703 2834 quidem
725 2746 755 2809 ei
775 2744 950 2809 denunciat
968 2745 1115 2810 Proclus.

750 2932 768 2991 2

295 3049 431 3112 Proclus
455 3047 593 3111 Hesiod.
622 3069 695 3131 opp.
725 3069 757 3110 v.
777 3050 838 3110 300
863 3048 1052 3129 Δίδυμος
1074 3045 1111 3110 δὲ
1131 3043 1320 3129 κοτούροις,

209 3143 262 3212 ὅτι
284 3144 385 3211 κότον
403 3149 538 3230 ἔχουσιν
558 3148 594 3211 ἐν
615 3150 655 3230 τῇ
674 3140 778 3233 οὐρᾷ,
804 3142 887 3212 κατὰ
911 3147 947 3212 δὲ
967 3141 1196 3230 Ἀριστοτέλην
1218 3140 1321 3209 ἀκέν-

209 3270 317 3331 τροις,
339 3240 489 3331 Ἀμερίας
507 3243 544 3311 δὲ
567 3243 780 3329 κακούργοις.
821 3247 925 3330 μόνος
946 3247 983 3314 δὲ
998 3244 1151 3322 Ἡσίοδος
1173 3241 1258 3323 ἅπαξ
1280 3248 1322 3330 τῇ

210 3348 293 3424 λέξει
317 3345 488 3431 ἐχρήσατο.

750 3554 784 3634 6.

370 3715 607 3802 Ὺπόμνημα
627 3718 893 3800 Βακχυλίδου
918 3673 1152 3780 ἐπίνικίων.
1197 3775 1200 3780 .

293 3854 444 3917 Ammon.
470 3853 511 3916 de
533 3853 600 3917 diff.
624 3876 656 3939 p.
681 3854 722 3916 97
748 3851 865 3916 Valck.
889 3853 1055 3935 Νηρεΐδες
1081 3853 1150 3914 των
1169 3852 1232 3912 τοῦ
1252 3853 1321 3932 Νη-

210 3955 293 4038 ρέως
314 3950 516 4035 θυγατέρων
538 3954 700 4036 διαφέρει.
746 3953 938 4035 Δίδυμος
963 3946 1086 4034 ὁμοίως
1109 3943 1319 4036 (ἳὸμολογεῑ)

176 4127 178 4133 y
207 4055 245 4118 έν
264 4049 480 4137 ὑπομνήματι
493 4056 709 4137 Βακχυλίδου
731 4051 905 4117 ἐπινικίων
928 4052 991 4138 (sic
1005 4050 1136 4115 Fabric.
1150 4071 1210 4136 pro
1226 4050 1320 4135 vulg.

77 4176 80 4183 ·
207 4154 393 4238 έπινίκων).
445 4154 527 4238 φησὶ
554 4150 618 4238 γὰρ
648 4150 732 4218 κατὰ
761 4152 865 4230 λέξιν·
898 4150 979 4216 ‘stol
1006 4153 1141 4234 τοίνυν,
1177 4151 1212 4213 οἵ
1236 4166 1320 4232 φασι

209 4252 383 4337 διαφέρειν
404 4250 464 4331 τὰς
484 4255 654 4340 Νηρείδας
675 4258 743 4319 τοῖν
765 4257 829 4319 τοῦ
852 4237 993 4337 Νηρέως
1017 4251 1229 4337 θυγατέρων.
1265 4253 1325 4317 καὶ
