2894 4890
229 327 343 438 ree
583 387 877 466 ,-ρ..

227 538 265 656 ol
294 535 356 623 τὴν
383 540 445 626 μὲν
475 539 612 628 γραφὴν
634 541 697 612 οῦκ
725 542 873 635 ἀμείβει,
902 549 939 618 τὸ
962 552 999 620 δὲ
1022 547 1097 622 οἷον
1118 551 1234 622 άκοῦει
1258 554 1344 642 πρὸς

229 664 265 705 το
289 643 415 720 πένθος
438 643 644 730 τοῦπατρὸς
665 647 731 713 κτὲ.
755 651 795 732 Ω.
819 652 912 718 Harl.

310 769 360 830 81.
406 761 597 851 Ζηνόδοτος
625 763 662 832 ol
687 764 818 852 γράψας
847 769 1004 857 (γράφων
1032 775 1142 860 Harl.)
1163 773 1344 859 ’δάκρυα

227 864 368 952 θερμά
389 870 494 952 χέων
510 867 666 934 &ultione
681 868 743 954 τὴν
757 871 995 958 μεγαλειότητα
1009 880 1072 940 τοῦ
1087 880 1212 960 στίχον.
1237 876 1278 957 Ω.
1295 877 1339 941 H.

314 992 365 1054 96.
388 988 585 1053 Nicanorem
604 989 763 1055 redolent.

314 1094 384 1155 123.
417 1085 657 1174 Ἀριστοφάνης
684 1090 825 1177 βίοτός
845 1117 886 1158 τε
908 1091 1019 1176 τεός,
1055 1087 1076 1177 ἢ
1104 1095 1139 1158 ot
1157 1098 1342 1179 μνηστῆ-

227 1216 297 1272 ρες
320 1193 497 1256 ἔὸονται.
522 1189 562 1272 Ω.
586 1191 638 1257 ef.
655 1193 776 1257 Buttm.
791 1198 889 1280 p.,5o.
908 1194 1075 1258 Nauckius
1088 1196 1146 1260 Ar.
1160 1196 1243 1281 Byz.
1253 1219 1285 1281 p.
1300 1199 1340 1258 39

224 1317 284 1382 pro
306 1287 326 1376 ἢ
348 1295 383 1357 ol
400 1294 485 1357 coni.
507 1297 581 1376 καί,
607 1304 787 1381 poetaeque
809 1296 1046 1360 restituendum
1068 1319 1140 1360 esse
1158 1297 1340 1381 suspicatur

98 1407 99 1410 ’
225 1389 362 1480 βιότους
387 1417 422 1460 τι
449 1392 556 1471 τιοάς.
600 1396 740 1460 Dubitat
761 1395 1028 1461 Schneidewinus
1055 1400 1090 1461 in
1112 1390 1225 1461 nuncc.
1245 1394 1336 1458 crud.

228 1495 377 1580 Gotting.
403 1497 483 1559 1848
505 1519 537 1582 p.
561 1497 633 1560 802.

312 1600 383 1661 134.
406 1595 495 1679 vulg.
513 1595 701 1661 Aristonico
718 1597 968 1682 vindicabimus,
984 1607 1021 1662 ut
1041 1602 1099 1662 137
1114 1594 1205 1660 Harl.
1225 1603 1258 1659 et
1274 1597 1336 1659 312

225 1698 266 1762 Ε.
291 1697 331 1779 Ω.

310 1819 380 1879 152.
415 1809 609 1880 ὄσσοντο·
642 1817 680 1881 ἐν
708 1821 749 1902 τῇ
770 1812 902 1882 Ῥιανοῦ
937 1819 1053 1882 ἕσσατο
1083 1809 1241 1900 (ὅσσαντο
1273 1834 1335 1876 cm.

226 1917 347 2002 Poro),
370 1910 445 1980 ἀντὶ
466 1919 529 1981 τοῦ
549 1910 655 1981 ὄσσαν
677 1914 733 1980 καὶ
754 1913 904 1999 κλήῦονα
926 1915 1070 1980 ἐποίουν.
1094 1911 1188 1975 Harl.

224 2073 227 2078 ,
314 2036 383 2098 156.
426 2027 545 2117 ἅπερ·
578 2027 820 2118 Ἀριστοφάνης
848 2029 954 2108 οὕτως
989 2026 1129 2114 Ιγράφει,
1164 2024 1238 2094 ἀντὶ
1272 2033 1336 2094 τοῦ

226 2165 340 2248 ὥσπερ
364 2158 474 2251 ἦλθον
499 2169 553 2232 καὶ
576 2162 781 2252 ἀπέστησαν·
815 2176 977 2253 μαρτυρεῖ
999 2159 1164 2254 αὐτῷκαὶ
1185 2134 1204 2248 Ξ
1225 2161 1335 2249 ’φάσιν

226 2273 273 2348 είς
305 2272 461 2335 ἔπαινον·
506 2267 542 2334 τὸ
575 2265 640 2353 γάρ
669 2262 955 2354 προκαταρκτικὸν
987 2261 1061 2332 ἀντὶ
1093 2261 1333 2331 ὑποτακτικοῦ.

227 2373 334 2438 oram.
363 2372 433 2435 ΑΡ.
460 2371 513 2434 ΙΙΙ
542 2375 621 2454 430,
650 2375 697 2462 10.
741 2370 973 2436 Obscurissimi
997 2368 1113 2433 scholii
1140 2370 1335 2432 sententiam

223 2497 290 2539 non
313 2475 441 2560 aperuit
460 2471 588 2536 Nauck.
620 2496 651 2558 p.
676 2476 727 2536 40.
760 2471 895 2533 Porson.
923 2493 966 2535 ex
987 2469 1080 2533 Harl.
1106 2470 1186 2534 haec
1206 2477 1334 2534 tantum

224 2575 389 2660 excerpsit
417 2568 542 2656 ‘cluso
565 2566 783 2653 φτοὸσπερ
805 2576 1048 2652 Aristophanes&
1091 2571 1226 2637 Oonieci
1248 2571 1335 2658 quod

224 2674 367 2741 scribere
395 2682 524 2760 poterat
548 2672 721 2740 scholiasta
753 2676 984 2756 μαρτυροῦσιν
1013 2666 1105 2760 αὐτῷ
1127 2672 1181 2737 καὶ
1201 2674 1237 2740 oi
1254 2669 1336 2757 χρό-

225 2800 279 2842 νοι
303 2772 386 2842 κατὰ
408 2771 515 2861 φύσιν
536 2778 721 2840 παιωνικοί.
750 2773 838 2838 Hinc
860 2773 1072 2859 intellegitur,
1097 2774 1176 2861 quid
1192 2775 1235 2838 sit
1248 2797 1336 2859 προ-

223 2873 457 2962 καταρκτικὸν,
480 2878 538 2942 sed
551 2899 593 2941 cx
608 2899 640 2940 v.
664 2869 894 2941 ὑποτακτικοῦ
914 2875 995 2939 nihil
1014 2876 1180 2963 exsculpo.
1203 2877 1335 2940 Mecum

222 2980 349 3043 faciunt
370 2979 408 3043 B.
432 2979 473 3042 E.

310 3082 379 3143 180.
412 3074 606 3162 ἀμείνων·
641 3071 979 3160 γράφεταιάμιίνω
1001 3074 1101 3159 χωρὶς
1123 3079 1185 3140 τοῦ
1199 3099 1232 3160 ν,
1250 3071 1334 3159 ὅπερ

223 3180 277 3244 καὶ
295 3176 443 3244 κάλλιον.
467 3178 558 3243 Harl.
581 3179 678 3242 Latet
692 3181 818 3244 vitium.
841 3178 1019 3242 Duentzer.
1033 3178 1157 3242 Zenod.
1172 3201 1204 3264 p.
1218 3181 1269 3260 56,
1283 3181 1333 3242 21.

309 3281 379 3343 182.
411 3274 516 3344 οὐδέ
533 3301 589 3343 τε·
625 3273 818 3359 περισσὸςὸ
841 3276 885 3343 τέ.
915 3278 952 3341 ἐν
973 3277 1010 3342 δὲ
1031 3288 1100 3354 τοῖς
1121 3278 1336 3361 είκαιοτέροις

224 3377 388 3465 γράφεται
410 3374 534 3445 οῦὸίτι.
558 3378 651 3442 Harl.
675 3378 749 3443 coll.
774 3380 814 3460 Q.

310 3485 379 3545 190.
414 3475 737 3564 ἀνιηρέστερον·
760 3519 803 3531 —-
825 3478 880 3544 καὶ
899 3475 1141 3564 Ἀριστοφάνης
1163 3474 1246 3543 κατὰ
1268 3478 1335 3544 Σέ-

185 3649 187 3653 .
225 3585 349 3645 λενκον
369 3581 494 3665 ἔγραφε
517 3580 815 3665 φιλοκτεανέστανι
840 3593 876 3668 (α
901 3580 987 3666 122).
1008 3577 1108 3663 Vulg.

302 3684 373 3745 206.
412 3683 522 3746 εἵνεκα
541 3687 598 3765 τῆς
618 3677 752 3764 ἀρετῆς·
787 3676 856 3747 ὁῦὸ
871 3676 1083 3766 Ἀρίσταρχος
1104 3681 1232 3745 λείπειν
1251 3681 1334 3762 φησὶ

220 3769 257 3848 τὸ
282 3776 432 3866 άρθρον,
456 3777 502 3847 ἵν’
524 3772 563 3869 ᾖ,
585 3783 696 3846 εἵνεκα
717 3786 775 3866 τῆς
796 3781 919 3865 ταύτης
943 3775 1072 3863 άρετῆς.
1109 3775 1217 3844 Ἰακὸν
1237 3777 1274 3844 δὲ
1297 3774 1333 3842 τὸ

220 3886 301 3960 ἔθος
319 3877 414 3946 εἶναι.
444 3882 484 3963 Ω.
511 3875 753 3966 Ἀριστοφάνης
774 3878 811 3947 δὲ
833 3877 1011 3949 ῦπάπτενε
1033 3875 1100 3944 τὸν
1116 3883 1229 3962 στίχον
1249 3901 1335 3943 νεω-

221 3977 356 4064 τερικὸν
379 3980 487 4065 λέγων
510 3977 674 4066 ὄνοματὸ
697 3987 755 4065 τῆς
776 3977 906 4067 άρετῆς.
947 3975 1098 4046 πιθανὸν
1120 3977 1158 4045 δὲ
1183 3987 1335 4044 σνναθι-

221 4095 292 4148 τείν
315 4077 407 4169 αὐτῷ
428 4077 563 4146 καὶτὸν
588 4079 652 4168 πρὸ
673 4077 779 4147 αὐτοῦ
801 4079 932 4148 καὶτὸν
946 4076 1020 4165 μετ’
1038 4073 1154 4145 αὐτόν.
1177 4079 1274 4143 Harl.
1291 4079 1331 4158 Q.

302 4185 374 4247 222.
418 4179 541 4264 χεύω·
585 4189 790 4267 Πτολεμαῖος
828 4178 846 4247 ὁ
886 4185 948 4246 τοῦ
965 4175 1167 4266 ,Ὀροάνὸον
1205 4163 1333 4262 ’χρεία

218 4282 310 4366 (zeto
334 4302 394 4346 em.
414 4279 525 4362 Pors.)
555 4281 681 4367 γράφει
707 4279 761 4347 καὶ
788 4278 1016 4367 Ἀρίσταρχος,
1053 4273 1268 4368 [Ηρφσιανὸς
1296 4275 1333 4344 <ll
