2894 4890
1174 372 1235 433 223

126 557 212 618 τιον,
235 532 319 618 μηδὲ
341 530 445 616 λόγον
468 535 567 617 ἔχειν,
590 531 653 617 την
675 527 736 598 ὑπ’
760 527 867 598 αὐτοῦ
882 522 957 616 ι’ίρτι
977 535 1238 619 πεπορθημέυην

123 625 218 699 Ἦλιν
246 629 341 713 ἱερὰν
364 635 424 698 ’καὶ
451 630 607 718 καθαρὰν
635 637 789 716 ποιῆσαι,
820 629 902 700 ἄλλα
930 636 1013 720 μηδὲ
1036 631 1129 717 ίερόν
1153 632 1237 702 εἶναι

128 732 213 813 Διός
232 731 412 823 ένἬλιδις
426 731 498 801 ἀλλ’
524 736 560 800 έν
579 739 677 822 Πίση.
691 797 692 800 ,
705 731 894 822 ἀπῳκίσθαι
916 737 952 802 δὲ
968 735 1029 820 τὴν
1048 741 1158 802 Πίσαν
1179 743 1238 821 τῆς

127 832 306 920 Ὀλυμπίας
329 839 485 915 σταδίους
504 837 548 914 ἕξ.
583 839 771 920 Δίδυμος
795 837 830 902 δέ
852 835 934 905 κατὰ
956 837 1069 922 χώραν
1093 837 1158 904 έοῖν
1175 837 1237 922 την

40 1001 42 1006 ,
130 933 266 1022 γραφὴν
294 933 354 1002 τὸν
380 941 553 1022 Πίνδαρον
580 935 642 1020 τὴν
664 941 774 1003 Πίσαν
791 930 884 1005 Ἦλιν
914 941 1024 1023 λέγειν
1046 943 1160 1022 φησίν.
1205 941 1240 1004 oi

25 1078 26 1082 =
129 1037 194 1124 γὰρ
218 1035 339 1105 Ἠλεῖοι
368 1034 432 1123 ὑφ’
461 1029 602 1117 έαυτοός
628 1038 848 1125 ποιησόμενοι
874 1038 953 1118 τοὺς
976 1040 1125 1119 Πισάτας
1142 1031 1237 1107 Ἦλιν

129 1138 191 1224 τὴν
212 1145 323 1214 Πίσαν
345 1137 597 1224 μετωνόμασαν.
636 1144 666 1206 εί
691 1131 755 1206 οὖν
781 1137 802 1225 ἡ
825 1146 912 1208 Πίσα
937 1144 1110 1229 μετέβαλε,
1142 1147 1176 1208 τί
1194 1139 1238 1208 δν

131 1254 182 1330 είη
210 1243 367 1330 ἐμποδῶν
394 1239 539 1327 γράφειν
563 1232 670 1321 irtam
701 1243 757 1308 καὶ
778 1247 987 1328 Καλλίμαχος
1008 1245 1044 1310 δὲ
1067 1240 1128 1329 την
1143 1237 1237 1311 Ἦλιν

131 1345 203 1413 ἀντὶ
222 1351 284 1413 τοῦ
301 1341 362 1428 τὴν
384 1345 493 1407 Πίσαν
514 1341 598 1420 Διὸς
616 1347 724 1409 οἰκίον
747 1341 854 1410 εἶπεν·

253 1439 348 1530 Ἦλιν
371 1441 590 1528 ἀνόσοεσθαι,
612 1441 696 1522 Διός
718 1450 836 1532 οἰκίον,
859 1449 971 1513 έλλιπε
994 1453 1108 1514 Φυλεῖ.

215 1551 290 1614 Iure
312 1549 374 1612 hoo
396 1569 524 1633 quoque
546 1547 617 1611 looo
636 1551 833 1612 recentiores
853 1551 958 1612 oritioi
973 1549 1109 1634 Didymi
1128 1549 1236 1612 leotio-

130 1677 203 1717 nem
215 1643 306 1717 Ἆλιν
327 1656 522 1734 respuerunt
544 1647 690 1712 obsecuti
707 1650 914 1716 Aristodemo
931 1651 1093 1736 Dionysio
1106 1651 1239 1734 Leptini

131 1756 287 1841 librisque
311 1750 461 1816 omnibus
488 1758 618 1835 praeter
648 1751 716 1814 Po
749 1752 793 1816 W
814 1754 842 1815 2.
887 1750 938 1816 Of.
970 1751 1114 1816 Boeokh.
1150 1751 1236 1838 expl.

132 1855 226 1920 Pind.
252 1878 284 1940 p.
308 1856 366 1916 201
393 1852 483 1917 Ourt.
507 1849 686 1936 Peloponn.
708 1852 743 1915 Π
767 1857 837 1935 109,
858 1857 908 1916 54.

658 2039 708 2100 ro.
808 1995 818 2010 ⁹

218 2158 298 2222 ibid.
316 2161 355 2222 83
379 2151 456 2220 ιἰπδ
479 2154 719 2231 Μαντινέας
735 2159 877 2238 Σᾶμος
893 2149 1144 2239 ὦλιροθίου·’
1160 2151 1237 2220 -ὁ

132 2257 169 2324 δὲ
189 2261 384 2341 ’Δίδυμος
411 2253 501 2321 οὕτω
522 2257 700 2337 καθίστησι
725 2252 785 2320 τόν
808 2254 927 2339 λόγον·
958 2254 1020 2341 τὴν
1041 2256 1238 2323 Μαντινέαν

133 2359 236 2443 φησὶν
259 2355 344 2424 εἶναι
366 2354 460 2441 ιἐριὶν
479 2359 693 2433 Ποσειδοῖνος
727 2357 783 2421 καὶ
812 2365 1031 2443 παρατίθεται
1060 2354 1120 2423 τόν
1147 2364 1237 2423 Βακ-

133 2445 273 2544 χυλίδην
296 2462 350 2549 (fr.
365 2461 452 2523 ΧΠΙ
466 2483 498 2547 p.
512 2463 551 2523 24
564 2463 614 2526 ed.
627 2463 726 2550 Neu.)
750 2463 890 2547 λέγοντα
904 2456 1010 2527 οὕτω·
1026 2466 1061 2525 11
1067 2477 1135 2525 οσε
1146 2456 1238 2525 ιδά-

131 2587 225 2628 νιον
253 2557 304 2640 ὡς
324 2567 559 2638 Μαντινεῖς
587 2561 808 2646 τριόδοντα
835 2559 1247 2646 χαλκοδαιδόλοισιν-

132 2665 176 2729 ἐν
203 2660 349 2728 ἀσπίσι
377 2667 624 2747 φοροῦντες·
658 2666 820 2751 ἐπίσημον
847 2662 912 2748 γὰρ
940 2659 1025 2729 εἶναι
1048 2666 1116 2727 τοῖν
1138 2658 1238 2727 ἀσπί-

131 2769 201 2830 δων
228 2769 296 2830 τῶν
317 2755 533 2840 Ποσειδῶνος
560 2762 752 2847 τριόδοντα,
782 2762 833 2832 ὅτι
855 2760 938 2850 παρ’
960 2760 1073 2841 αὐτοῖς
1095 2762 1237 2848 μάλιστα

131 2871 262 2951 τιμᾶται
285 2861 302 2932 ὁ
326 2865 415 2943 θεός.
451 2868 542 2931 ἔσται
563 2855 627 2929 οὖν
649 2863 685 2931 τό
710 2865 814 2951 σαφὲς
836 2863 924 2933 οὕτω
950 2861 1031 2932 καθ’
1054 2860 1136 2930 αὑτὸ
1157 2866 1239 2943 ἔξοι-

130 2977 195 3034 θεν
223 2964 570 3052 παραλαμβανομένου
601 2972 661 3032 τοῦ
683 2963 863 3052 ὀνόματος·
900 2964 953 3034 ἀν’
974 2970 1104 3032 ἵπποισι
1128 2964 1164 3032 δὲ
1185 2969 1239 3032 τέ-

130 3091 248 3154 ταρσιν
270 3063 399 3154 ἥρωςὸ
426 3063 489 3134 ιἰπὸ
513 3070 706 3145 Μαντινέας
729 3070 876 3154 ἐνίκησε,
904 3068 960 3135 καὶ
982 3072 1072 3135 ἔστιν
1092 3063 1112 3152 ἡ
1136 3073 1238 3134 Μαν-

130 3172 222 3236 τινέα
243 3181 381 3254 σημεῖον
400 3169 455 3234 καὶ
478 3167 550 3253 λερδι
566 3173 790 3248 Ποσειδῶνος.
805 3165 1020 3258 Ἁλιρρόθιον
1038 3168 1102 3255 γὰρ
1121 3171 1238 3238 ἐπιθε-

47 3287 51 3292 ’
130 3276 230 3348 τικοῖς
251 3267 311 3336 τόν
330 3272 530 3336 Ποσειδῶνα
553 3289 636 3356 φησι
660 3280 719 3361 (so.
742 3273 980 3355 Aristodemus
1004 3275 1095 3338 ouius
1119 3295 1238 3337 memo-

129 3375 179 3438 ria
210 3373 242 3438 h.
276 3373 298 3436 l.
332 3372 506 3438 recolenda
536 3375 616 3461 est),
654 3372 708 3438 καὶ
743 3365 961 3458 παρατίθεται
992 3371 1029 3438 τό
1058 3369 1239 3458 Ὁμηρικόν

131 3476 267 3561 (ε292)·
294 3471 427 3550 πόσας
450 3468 481 3538 δ’
501 3468 721 3557 ὀρόθυνεν
743 3469 890 3554 ἀέλλας
909 3479 1123 3542 παντοίων
1144 3470 1239 3539 ιἰνέ-

129 3598 223 3664 μων.
248 3577 465 3658 παρατίθεται
488 3575 524 3639 δὲ
547 3575 602 3639 καὶ
623 3571 682 3640 τόν
702 3574 877 3660 γράφοντα
900 3572 961 3658 τὴν
982 3577 1132 3658 Θησηΐδα
1152 3600 1238 3658 μαρ-

129 3679 300 3758 τυροῦντα
325 3679 371 3762 τῷ
398 3671 485 3759 ἥρωι·
503 3672 565 3759 την
591 3681 653 3741 τοῦ
674 3672 820 3761 ἅρματος
838 3671 1073 3760 ἡνιοχευτιιιην
1096 3670 1235 3758 ἀρετήν·

174 3855 177 3860 ἢ
256 3777 379 3858 τρέψας
400 3777 437 3840 δὲ
456 3773 601 3865 ποέλους,
624 3773 669 3854 ὡς
691 3773 708 3842 ὁ
733 3763 929 3853 Μαντινεὺς
950 3780 1073 3859 Σῆμος.
1133 3811 1136 3817 ·

214 3879 254 3942 In
282 3877 410 3964 Diphili
438 3877 495 3964 (of.
521 3871 630 3943 tomen
651 3880 795 3944 Meinek.
827 3881 902 3944 hist.
930 3901 1011 3944 eom.
1038 3901 1086 3962 gr.
1108 3899 1139 3962 p.
1161 3877 1236 3954 449)

128 3979 278 4042 versibus
302 4001 319 4042 e
339 3979 431 4042 Rom.
464 3975 621 4062 στρώφας
650 3980 739 4044 Gott.
766 3969 855 4044 Vret.
877 3981 910 4043 D
934 3976 1146 4062 στρωφασον
1165 3998 1238 4039 oum

127 4077 294 4142 Meinekio
317 4082 351 4142 in
373 4081 545 4144 oholiamb.
569 4107 601 4168 p.
624 4085 682 4145 148
711 4087 868 4167 στρωφᾷς
889 4082 997 4165 potius
1024 4079 1077 4143 vel
1099 4074 1237 4160 στρώφα

128 4179 336 4245 scribendum
370 4183 447 4262 erit,
481 4204 578 4267 quam
596 4205 670 4246 oum
692 4183 860 4248 Boeokhio
882 4181 925 4243 ad
952 4182 984 4244 h.
1006 4182 1036 4244 i.
1066 4205 1098 4266 p.
1122 4181 1236 4260 253,2

127 4284 305 4362 στροφῶν.
350 4283 442 4346 Idem
471 4283 655 4347 Meinekius
690 4284 860 4348 verissime
894 4282 1046 4346 observat
1075 4281 1237 4346 exoidisse
