2894 4890
1080 335 1082 342 ’
1180 379 1241 442 243

128 575 171 590 -
186 542 378 624 Δίδυμος
397 542 560 625 μέμφεται
579 537 712 617 τούτοις
734 534 779 618 τός
801 536 890 624 παρά
909 536 949 605 τὰ
964 540 1127 625 πρόσωπα
1150 545 1237 631 (eod.

129 641 271 720 τούτους
293 637 339 720 ὡς
359 638 399 707 τά
421 645 723 728 παρακαθεστολτα,
745 642 871 707 emend.
898 643 1006 729 0012).
1042 642 1239 731 σεμνότεροι

128 740 193 828 χάρ
213 745 248 808 οί
264 741 377 828 λόχοι,
404 736 426 827 ἢ
457 741 541 810 κατὰ
559 740 732 829 βάρβαρον
751 753 896 827 γυναῖκα
915 741 970 808 καὶ
992 746 1237 829 δυστυχοῦσαν.

214 847 262 934 (2)
286 846 331 911 ib.
355 849 415 912 363
442 845 542 911 schol.
565 847 605 910 R.
633 844 676 910 ἓν
705 861 780 910 σου
808 847 993 912 δέδοικα·
1023 843 1068 930 μὴ
1098 844 1155 914 διά
1176 844 1239 934 τὴν

107 942 301 1036 Ἑρμιόνην
320 971 361 1031 με
380 943 556 1034 ἀπολέσῃς,
579 942 691 1031 ὥσπερ
715 943 771 1013 διὰ
791 943 853 1030 τὴν
866 940 1003 1032 Ἑλένην
1023 944 1086 1034 τὴν
1103 954 1237 1033 Τροίαν.

127 1052 316 1134 Δίδυμος
345 1047 508 1134 μέμφεται
538 1051 620 1114 πάσι
649 1047 783 1127 τούτοις
805 1045 850 1126 ὡς
870 1047 960 1132 παρὰ
981 1051 1101 1132 καιρὸν
1121 1052 1177 1118 καὶ
1198 1051 1238 1120 τά

127 1150 300 1237 πρόσωπα.

213 1253 263 1340 (3)
286 1252 330 1317 ib.
354 1254 416 1318 867
436 1251 537 1317 schol.
561 1251 626 1316 vol.
649 1249 732 1337 Vp.
753 1256 814 1317 585
834 1255 884 1318 ed.
908 1254 1023 1319 Matth.
1045 1249 1181 1340 όνομα
1200 1253 1235 1324 δ’

123 1351 330 1438 Ὀρέστης·
349 1351 527 1437 ἐκβληθεὶς
546 1355 608 1417 τού
621 1347 767 1437 ’Ἀρχους
789 1349 807 1418 ὁ
832 1350 984 1439 Ὀρέστης
1003 1350 1102 1442 ἀπῄει
1131 1361 1178 1435 είς
1199 1355 1237 1424 τδ

127 1454 220 1539 ίερόν
242 1460 304 1521 τού
327 1451 412 1532 Διδς
433 1451 469 1522 τό
493 1456 530 1519 ἐν
552 1458 591 1540 τῇ
613 1453 768 1542 Δωδώνη
791 1453 1061 1541 μαντευσόμενος
1085 1460 1147 1546 (sic
1173 1461 1236 1526 (λιι.

129 1559 226 1623 Taur.
251 1559 340 1624 Flor.
364 1562 451 1622 6.15
474 1580 532 1642 pro
556 1554 832 1643 μαντευόμενος),
854 1561 955 1622 ποίαν
977 1558 1105 1643 οίκησει
1126 1558 1237 1627 πόλιν.

127 1655 238 1726 ἀπιιδν
274 1649 338 1725 οάν
369 1661 495 1744 έρχεται
521 1662 568 1736 είς
595 1653 657 1741 τὴν
681 1663 804 1725 Φθίαν.
854 1661 1043 1745 Δίδυμος
1069 1661 1106 1728 δὲ
1134 1659 1238 1729 ταύτά

128 1781 233 1848 φησιν
268 1756 353 1827 εἶναι
386 1763 497 1844 ψευδῆ
529 1761 584 1825 καί
617 1754 740 1825 ἀπιστα
778 1761 856 1847 (Gn.
890 1764 968 1827 Δίδ.
1003 1763 1043 1828 δέ
1071 1785 1108 1848 φ.
1138 1775 1172 1842 ψ.
1189 1811 1192 1816 -
1208 1789 1237 1830 τ.

128 1864 184 1929 καὶ
206 1859 308 1949 ἀπ.),·
344 1893 352 1904 ·
524 1883 529 1894 ’

213 1966 261 2053 (4)
282 1965 327 2029 ib.
358 1967 438 2028 1054
467 1985 499 2048 p.
524 1966 574 2042 41,
593 1962 643 2026 οδ.
668 1961 826 2027 Witzsch.
852 1959 980 2028 οὐδέν
1003 1959 1097 2049 είμ’,’
1121 1958 1238 2030 ἀπω-

42 2141 47 2150 ,
126 2063 173 2134 λό
181 2091 274 2151 μην·
293 2066 428 2149 ἐγκαλεῖ
447 2064 637 2146 Δίδυμος
665 2061 721 2127 καί
743 2058 967 2147 εύεπίληπτόν
985 2081 1069 2149 φησι
1091 2060 1152 2131 τόν
1173 2059 1238 2132 αύ-

127 2167 189 2235 τδν
216 2169 252 2233 έν
280 2165 383 2234 πόθει
411 2161 493 2230 όντα
513 2166 638 2248 λέγειν·
664 2159 767 2228 οὐδέν
788 2167 870 2249 είμι,
899 2165 1034 2250 φρούδη
1054 2165 1116 2249 μὲν
1137 2161 1235 2251 αύδή.

127 2266 217 2353 παρὰ
239 2273 285 2357 τῷ
301 2264 434 2354 Ὁμήρῳ
457 2273 501 2354 (Ρ
511 2271 572 2331 695
589 2268 610 2331 δ
625 2267 700 2350 704)
729 2261 812 2350 εδην
835 2267 874 2332 δέ
894 2291 952 2351 μιν
980 2261 1130 2352 ἀμφασίη
1159 2267 1238 2336 έπέ-

126 2397 176 2438 ων
197 2371 307 2456 λάβε.’
1228 2365 1229 2368 “

215 2475 263 2560 (5)
298 2473 353 2561 [ib.
378 2474 458 2537 1238
482 2465 655 2553 Ἀχίλλειον
676 2466 813 2554 δρόμοι·
838 2466 913 2553 περὶ
936 2458 985 2535 ὦν
1005 2468 1042 2534 έν
1060 2463 1228 2557 Ἰφινενεί,

126 2581 167 2663 τῇ
190 2576 226 2640 ἐν
248 2571 391 2657 Ταύροις
413 2578 585 2657 είρηται.
630 2573 753 2659 Recepi
775 2581 907 2658 propter
928 2593 1023 2637 usum
1045 2595 1117 2638 voe.
1143 2577 1237 2656 είρη-

124 2703 180 2744 ται
202 2675 429 2763 notissimum]

214 2780 261 2868 (6)
288 2778 411 2844 Alcest.
442 2780 504 2841 255
527 2775 593 2842 vol.
616 2777 648 2841 V
668 2799 700 2862 p.
723 2778 781 2838 521
812 2771 1057 2856 Μια1.·μαιί
1082 2797 1124 2838 τε
1152 2777 1236 2838 καί·

128 2885 200 2966 είκῆ
212 2897 295 2966 φησι
314 2875 478 2945 δεδόσθαι
500 2873 540 2943 τά
562 2877 638 2961 περὶ
660 2880 719 2960 τῆς
739 2877 837 2963 ἐντῷ
854 2869 1019 2960 Ἀχέροντι
1040 2879 1237 2960 πορθμείας,

127 2978 174 3059 ὡς
195 2992 360 3068 μαρτυρεῖ
376 2979 431 3045 καί
445 2983 576 3063 Δοῦρις
598 2978 635 3043 έν
658 2981 698 3062 τῇ
722 3003 755 3056 ις
773 2981 842 3042 τῶν
859 2977 1105 3042 Μακεδονικῶν
1131 2977 1236 3064 (vulg.

126 3084 459 3168 Λακεδαιμονιιιῶν),
490 3077 541 3146 ότι
565 3080 603 3145 έν
619 3076 740 3165 Ἰοιλιιηί
762 3075 974 3162 ένυμφεύθη.
1017 3073 1152 3145 Ἰωλκοῦ
1171 3075 1238 3162 χάρ
1340 3152 1345 3162 .

126 3189 250 3262 Πελίας
271 3184 496 3270 ἐβασίλευσεν.

210 3287 369 3352 Matthiae
396 3287 477 3350 haec
506 3285 640 3350 adnotat
678 3285 764 3349 ‘Sed
799 3286 878 3372 quid
905 3285 1017 3350 verbis
1052 3286 1125 3366 είκῆ
1155 3299 1238 3365 φησι

128 3387 290 3455 δεδόσθαι
313 3397 373 3453 etc.
394 3389 513 3453 faciam
539 3409 605 3452 non
627 3388 743 3452 habeo.
788 3387 878 3452 Fort.
902 3409 956 3450 vv.
982 3389 1054 3466 εἰκῆ
1072 3409 1110 3474 φ.
1133 3386 1163 3450 δ.
1187 3380 1239 3472 [τά

127 3490 219 3574 ἕδνα,
240 3485 296 3556 ὅτε
319 3485 521 3573 ένυμφεύθη
545 3488 582 3554 έν
594 3485 724 3576 Ἰωλκῷ,
748 3482 793 3566 ὦς
815 3511 909 3570 μαρτ.
934 3487 1008 3575 σία.)
1033 3486 1075 3550 ad
1099 3509 1154 3551 vv.
1177 3487 1238 3549 255

129 3615 219 3680 sqq.‚
244 3592 371 3678 reliqua
395 3591 511 3678 [ταῦτα
531 3590 624 3679 φησί]
654 3590 729 3675 περὶ
750 3593 808 3672 τῆς
829 3589 866 3653 έν
891 3592 953 3653 τοῦ
971 3582 1035 3670 Ἀχ.
1061 3607 1095 3650 π.
1118 3587 1161 3651 ad
1181 3609 1237 3652 vv.

129 3697 191 3758 260
214 3685 284 3780 s'qq.
310 3693 484 3773 referenda
506 3701 609 3758 sunt.’
654 3693 719 3756 Pro
743 3685 906 3756 δεδόσθαι
927 3684 1103 3772 legendum
1125 3687 1239 3751 διαδε-

129 3792 263 3877 δόσθαι,
286 3794 328 3859 cf.
351 3795 432 3858 Hes.
455 3788 655 3876 ὀρείχαλκος.
1078 3876 1081 3880 ,

215 3896 263 3982 (6)
283 3895 339 3961 Tr.
373 3899 449 3959 1071
481 3895 561 3960 Hes.
591 3892 755 3976 αἰθέρα·
783 3886 994 3976 ἐμπυρισμὸν
1012 3882 1076 3952 ἀπὸ
1101 3889 1163 3950 τού
1185 3890 1240 3949 αί-

128 4003 266 4062 θέσθαι.
311 3990 499 4079 Εὐριπίδης
514 3994 669 4082 Τρῳάσιν
688 3995 790 4080 ¹supra
805 4017 838 4079 p.
853 3994 893 4056 89
910 3990 1019 4073 attuli,
1040 4010 1113 4052 eum
1136 3986 1176 4050 de
1195 3986 1239 4050 le-

126 4097 203 4160 xico
226 4096 352 4179 tragico
381 4095 533 4159 dicerem.
571 4093 574 4099 ’

217 4196 266 4281 (7)
289 4195 377 4259 Μοδ.
403 4197 462 4258 149
483 4203 507 4259 t.
530 4194 602 4280 Vp.
618 4197 679 4259 349
691 4191 808 4256 Matth.
832 4183 921 4265 ἀιες
940 4175 1075 4250 ἀΖεύ·
1099 4177 1240 4257 τδάίες

128 4290 146 4359 ὁ
183 4297 368 4376 Δίδυμος
408 4289 453 4371 ὡς
496 4291 581 4378 πρὸς
612 4290 671 4370 τάς
711 4295 774 4356 τού
807 4291 913 4373 χοροῦ
944 4302 1027 4370 φησι
1065 4286 1239 4369 λέγεσθαι·

969 4382 1034 4448 16*
