2858 4882
212 373 274 436 382

213 556 301 606 σεων
327 540 394 624 egit
421 539 657 621 Aristoxenus;
689 536 766 618 περὶ
791 540 1035 622 Πυθαγορικῆς
1064 541 1276 621 φιλοσοφίας
1304 549 1335 604 et
1368 581 1370 584 -

214 638 373 723 περὶτῆς
401 639 566 721 διαφορᾶς
593 640 662 703 τῶν
681 631 748 720 Ἀρ.
772 636 827 702 καὶ
853 643 991 720 Πνθαγ.
1021 638 1123 704 libros
1147 643 1333 726 composuit

213 742 387 828 Didymus.
431 740 502 804 lam
530 760 609 804 vcro
630 740 673 804 ad
694 739 826 824 singula
849 742 946 804 etiam
972 743 1081 828 capita
1101 744 1264 828 procedat
1286 745 1332 806 in-

214 845 345 908 stitutus
369 843 621 928 comparationis
641 841 732 906 ordo.
771 842 825 906 De
844 843 1019 908 scoliorum
1042 844 1246 930 etymologia
1269 844 1332 908 dis·

100 989 102 993 ,
213 955 329 1034 putare
360 944 503 1008 vidimus
526 943 708 1030 Didymum
746 945 787 1008 ir.
821 948 856 1027 2,
897 946 1034 1010 eandem
1065 948 1239 1010 materiem
1268 955 1331 1010 tra-

213 1049 315 1114 ctavit
341 1047 559 1112 Aristoxenus
589 1069 622 1132 p.
654 1049 710 1110 181
753 1046 804 1110 ed.
841 1047 953 1111 Mahn.
1005 1048 1154 1134 Mysonis
1191 1047 1330 1129 Chenai,

215 1152 308 1216 cuius
328 1150 525 1213 mentionem
547 1149 629 1212 facit
650 1158 762 1214 noster
783 1150 819 1212 in
842 1172 948 1236 symp.
978 1151 1019 1214 fr.
1041 1153 1071 1233 3,
1106 1149 1331 1214 Aristoxenus

212 1252 360 1318 meminit
380 1251 419 1315 ἐν
442 1261 511 1328 τοῖς
531 1247 707 1335 σποράδην
735 1274 766 1339 p.
793 1255 852 1316 120
885 1253 996 1317 Mahn.
1041 1252 1196 1316 Discedit
1219 1262 1330 1316 autem

213 1354 336 1433 inlhoe
364 1354 406 1417 fr.
436 1375 457 1416 a
478 1352 624 1418 Platonis
652 1355 831 1439 sententia,
857 1355 948 1419 cuius
970 1354 1210 1439 malignitatem
1235 1354 1332 1417 casti-

212 1467 269 1544 gat
287 1456 506 1520 Aristoxenus
527 1455 562 1517 in
584 1457 825 1520 commentariis
846 1456 1010 1520 historicis
1021 1478 1054 1543 p.
1070 1457 1140 1519 113.
1165 1453 1221 1520 Cf.
1246 1475 1332 1540 quae

212 1558 300 1624 infra
329 1555 450 1620 dicturi
479 1575 590 1620 sumus
619 1557 659 1621 de
687 1557 789 1621 schol.
813 1558 898 1622 Plat.
920 1558 1025 1643 Legg.
1048 1581 1080 1644 p.
1104 1558 1178 1620 448.
1225 1553 1330 1619 Deni-

213 1684 276 1748 que
302 1659 538 1739 Aristoxenum
572 1667 699 1724 conslat
733 1661 904 1746 scripsisse
939 1657 1015 1740 περὶ
1049 1659 1330 1745 τραγῳδοποιῶν,

147 1793 150 1800 ⁴
214 1763 290 1845 περὶ
316 1755 472 1841 αὐλητῶν
496 1759 597 1845 inque
632 1761 709 1824 vitis
738 1762 938 1826 musicorum
966 1762 1064 1826 etiam
1091 1757 1329 1824 excellentium

212 1867 299 1929 vitas
332 1861 557 1943 enarravisse,
588 1884 617 1926 e.
648 1885 680 1948 g.
715 1861 855 1928 Telestis
889 1862 1064 1929 Selinuntii
1095 1883 1128 1946 p.
1162 1861 1205 1924 92
1232 1864 1263 1941 §-
1288 1862 1329 1923 26

212 1965 324 2030 Mahn.
382 1961 478 2042 Quod
509 1962 588 2027 mihi
619 1965 835 2050 perpendenti
869 1985 935 2028 non
973 1963 1078 2029 solum
1110 1961 1330 2049 Symposiaca

212 2064 358 2150 Didymo
382 2061 598 2128 Chalcentero
628 2065 849 2130 abiudicanda
874 2065 1046 2148 videntur,
1069 2063 1128 2128 sed
1155 2065 1330 2130 volumina

213 2167 312 2232 etiam
334 2162 410 2241 περὶ
428 2167 578 2248 λυρικῶν
605 2169 756 2249 ποιητῶν
774 2169 845 2232 sive
876 2164 953 2249 περὶ
981 2168 1145 2248 ποιητῶν,
1168 2165 1249 2229 licet
1272 2164 1330 2230 ob-

213 2275 300 2330 stare
327 2264 479 2328 videatur
507 2265 671 2352 Didymus
701 2289 752 2352 ap.
784 2268 885 2332 schol.
914 2267 1015 2332 Arist.
1042 2269 1130 2333 Avv.
1161 2269 1224 2331 217
1252 2267 1329 2332 coll.

213 2369 335 2432 Orione
367 2388 400 2451 p.
431 2369 488 2449 58,
518 2373 547 2431 7.
599 2368 692 2432 Haec
717 2368 886 2434 volumina
912 2369 1035 2455 passim
1062 2368 1176 2432 laudat
1209 2377 1252 2432 et.
1284 2391 1328 2430 m.

212 2474 290 2551 690,
316 2471 356 2532 35
385 2467 599 2556 (προσῳδίαι)
629 2474 706 2553 777,
736 2474 755 2535 9
786 2465 921 2558 (ὕμνος)
944 2471 1023 2536 Orio
1056 2474 1130 2553 155,
1158 2472 1201 2532 22
1225 2472 1287 2554 58,
1311 2476 1329 2533 7

211 2575 302 2634 -14
336 2568 478 2656 (ἔλιγος)
511 2578 553 2634 et.
576 2592 619 2634 m.
641 2574 755 2654 327,1
792 2580 834 2636 et.
861 2572 948 2637 Gud.
986 2575 1064 2655 180,
1092 2576 1129 2636 16
1166 2570 1329 2656 (ἐλεγεῖα)

214 2673 314 2739 schol.
337 2672 421 2736 Plat.
442 2671 547 2757 Legg.
559 2675 621 2737 448
646 2673 701 2760 (de
713 2673 914 2757 Theognidis
932 2673 1063 2760 patria),
1086 2696 1118 2760 q.
1135 2673 1157 2736 l.
1180 2674 1329 2736 animum

214 2775 356 2841 advertit
383 2771 673 2858 ἐπιφυόμενος
699 2777 745 2863 τῶ
772 2772 947 2859 Πλάτωνι,
985 2776 1027 2840 cf.
1058 2776 1099 2839 fr.
1134 2778 1163 2839 3.
1221 2775 1329 2837 Accu-

213 2877 315 2941 ratius
338 2876 419 2940 haec
432 2898 611 2963 persequar
625 2878 660 2939 in
676 2886 846 2942 comment.
861 2878 997 2962 Didym.
1013 2877 1061 2942 lV
1075 2880 1104 2959 9,
1117 2879 1147 2939 2.
1166 2878 1206 2938 12
1217 2899 1249 2962 p.
1264 2879 1328 2938 400

212 2980 351 3063 Didymi
380 2977 590 3042 Chalcenteri
625 2980 695 3043 sine
722 2983 947 3045 controversia
980 2979 1126 3058 scholion
1158 2986 1209 3041 est
1245 2976 1329 3039 Eur.

214 3081 314 3166 Hipp.
341 3082 401 3144 263
425 3079 491 3144 vol.
514 3078 545 3141 V
572 3103 603 3166 p.
628 3084 690 3144 439
713 3080 829 3145 Matth.
855 3082 895 3146 dc
917 3091 1049 3146 auctore
1071 3077 1329 3167 apophthegma-

213 3184 256 3245 tis
286 3177 391 3263 μηδὲν
419 3177 515 3262 ἄγαν.
559 3180 605 3244 At
636 3180 668 3244 h.
699 3182 720 3246 l.
748 3183 892 3268 reperies
911 3192 1060 3246 auctores
1083 3183 1152 3246 eius
1174 3179 1328 3244 laudatos

215 3283 400 3363 Chilonem,
428 3281 603 3346 Sodamum
624 3283 818 3367 Tegeatam,
848 3283 1040 3370 Sisyphum,
1071 3279 1254 3345 Pittheum:
1289 3281 1330 3345 de

216 3383 334 3449 Solone
361 3403 439 3448 vero
469 3403 510 3445 ne
535 3405 599 3468 gry
627 3385 768 3470 quidem.
815 3387 868 3452 Of.
897 3385 999 3450 schol.
1022 3384 1120 3448 Hom.
1137 3381 1176 3445 Il.
1201 3387 1235 3446 K
1256 3385 1329 3446 249.

215 3485 330 3572 Neque
355 3484 596 3571 apophthegma
615 3484 741 3568 χαλεπὰ
761 3482 800 3550 τὰ
823 3483 917 3570 καλά,
941 3486 1029 3572 quod
1049 3484 1216 3570 Didymus
1231 3483 1330 3548 Chal-

216 3597 365 3652 centerus
387 3589 422 3650 in
443 3587 626 3672 proverbiis
643 3588 694 3675 (p.
708 3590 784 3675 398)
806 3597 890 3653 teste
914 3587 1015 3653 schol.
1038 3587 1080 3651 ad
1097 3585 1182 3650 Plat.
1201 3585 1329 3676 Cratyl.

215 3714 247 3778 p.
261 3692 364 3772 237,6
388 3687 500 3752 Soloni
521 3688 645 3772 tribuit,
668 3692 753 3753 inter
775 3689 1049 3777 apophthegmata
1067 3690 1137 3752 cius
1152 3688 1241 3774 apud
1258 3687 1330 3754 Sto-

215 3792 333 3856 baeum
345 3789 434 3853 Flor.
449 3788 471 3852 l.
481 3788 503 3852 l.
517 3800 663 3874 apparet.
679 3789 833 3855 Diximus
847 3792 890 3856 ad
898 3789 1085 3854 Heraclidis
1101 3791 1198 3853 etiam
1211 3792 1329 3875 patris,

216 3896 308 3959 cuius
331 3890 447 3974 λέσχας
470 3912 568 3975 supra
588 3893 699 3976 attigi,
727 3892 913 3978 exemplum
935 3892 1118 3978 Didymum
1140 3911 1175 3954 se
1197 3912 1329 3977 compo-

217 3997 322 4059 suisse
340 3993 448 4057 videri
466 4013 573 4077 posse.
600 3992 698 4072 Quod
713 3993 741 4055 si
753 4015 867 4058 verum
886 3995 1094 4074 oonicoimus,
1110 3992 1253 4056 fortasse
1270 3993 1330 4056 Di-

216 4099 334 4182 dymus
353 4094 540 4158 Heraclidis
563 4095 649 4158 filius
671 4115 690 4156 a
712 4095 856 4182 Didymo
873 4096 1012 4161 Claudio
1034 4117 1101 4159 non
1123 4094 1331 4179 distinguen-

217 4199 277 4262 dus
300 4206 364 4279 cst,
383 4199 418 4260 in
440 4221 504 4284 qua
524 4197 687 4261 sententia
700 4197 934 4284 Bernhardyus
957 4198 1057 4260 etiam
1078 4195 1120 4259 ad
1139 4195 1230 4259 Suid.
1255 4196 1273 4259 I
1297 4220 1329 4282 p.

220 4302 300 4362 1330
321 4299 423 4362 fuisse
446 4300 586 4382 videtur,
608 4285 846 4384 legendumque
861 4299 949 4384 apud
972 4297 1331 4383 lexicographuma'm-
