2812 4868
568 368 779 417 PRAEFATIO.
1184 375 1236 422 vn

120 544 174 587 ces
201 522 313 607 explet
340 519 438 584 etiam
466 514 502 584 τὸ
529 515 639 603 παρὸν
666 523 799 604 βιβλίον
826 520 1011 607 ‘Didymi
1038 523 1237 589 Chalcen-

118 639 201 703 teri
230 657 333 724 quae
363 645 605 723 supersunt'
631 640 842 724 inscriptum,
870 639 1054 704 Aristarchi
1083 642 1236 729 reliquia·

120 779 191 821 rum
221 755 374 820 editionis
397 757 492 842 quasi
514 777 725 842 praecursor,
754 757 795 820 de
818 758 910 822 cuius
933 758 1070 822 consilio
1093 767 1126 824 et
1148 782 1237 825 com-

118 875 280 962 positione
302 882 338 938 ut
359 875 393 937 in
413 872 475 938 hae
497 873 711 960 praefationis
732 884 825 960 parte
846 877 959 961 paucis
973 875 1054 939 mihi
1070 898 1236 963 exponen-

120 993 196 1056 dum
218 1011 363 1073 sumam,
385 990 436 1054 his
455 991 704 1056 Friedlaenderi
726 995 761 1057 in
784 993 888 1080 prael.
911 993 954 1057 ad
976 994 1122 1058 Ariston.
1144 1018 1176 1081 p.
1193 1013 1232 1058 VI

119 1089 277 1174 effectum
291 1107 401 1172 verbis
426 1116 491 1172 est:
514 1145 556 1158 -
583 1115 702 1174 ‘restat
728 1119 764 1174 ut
786 1112 858 1196 quis
880 1099 1018 1197 Didymi
1040 1109 1161 1176 librum
1181 1134 1236 1178 eo-

118 1228 189 1292 dem
220 1228 317 1292 modo
345 1227 504 1290 restituat.
551 1225 649 1306 Quod
678 1229 783 1291 omitti
809 1230 971 1314 potuisse,
1001 1229 1029 1292 si
1051 1231 1124 1316 quis
1146 1251 1236 1295 nuno

118 1345 157 1410 de
175 1344 322 1430 Didymo
349 1342 524 1426 scriberet,
553 1352 589 1408 ut
606 1367 710 1430 nuper
732 1345 855 1409 factum
876 1355 941 1429 est,
972 1346 1008 1411 id
1029 1349 1114 1412 inter
1134 1348 1235 1412 mira-

116 1461 197 1526 bilia
219 1461 429 1526 referendum
445 1465 520 1545 erit,
544 1483 627 1548 quae
649 1462 684 1524 in
706 1462 768 1527 hoc
789 1485 910 1549 genere
932 1464 983 1530 his
1011 1466 1106 1530 annis
1128 1465 1234 1531 multa

117 1581 334 1645 aeciderunt.'
380 1580 466 1644 Pace
485 1582 572 1644 enim
592 1580 657 1643 viri
682 1583 814 1665 egregie
837 1581 924 1646 docti
947 1581 1101 1666 dixerim,
1124 1586 1232 1669 magis

117 1701 213 1764 etiam
237 1689 355 1762 mirum
378 1697 503 1779 videri,
535 1697 622 1783 quod
643 1700 774 1762 omnino
797 1699 965 1786 hucusque
989 1700 1159 1785 neglectus
1185 1706 1232 1767 ia-

116 1819 182 1882 cuit
200 1817 375 1903 Didymus,
397 1816 693 1900 grammatieorum,
716 1825 752 1880 ut
774 1818 831 1903 qui
851 1824 1007 1902 tanquam
1025 1819 1060 1881 in
1079 1821 1231 1886 confiniis

117 1935 264 2008 Graecae
291 1935 523 2019 Romanaeque
553 1935 785 2017 grammaticae
812 1944 924 2018 natus,
952 1934 1050 2001 facile
1072 1942 1231 2024 gravissi-

115 2075 201 2135 mus,
230 2073 326 2139 quam
348 2052 452 2138 quod,
481 2053 538 2137 qui
559 2051 600 2116 de
621 2052 766 2139 Didymo
795 2053 1029 2118 vocabulorum
1049 2058 1231 2144 interprete

115 2179 348 2234 commentatus
378 2178 443 2253 est,
473 2191 572 2256 opera
593 2169 733 2234 hominis
756 2169 800 2233 ad
821 2170 997 2235 Homerica
1026 2175 1133 2238 studia
1154 2197 1230 2261 per-

113 2289 251 2353 tinentia
272 2287 390 2352 omisit.
436 2286 519 2351 Erat
537 2288 691 2350 nimirum
715 2287 772 2351 via
792 2295 889 2375 atque
912 2288 1027 2354 ordine
1048 2293 1228 2378 proceden-

115 2407 200 2472 dum.
245 2406 360 2492 Itaque
382 2427 456 2470 cum
478 2406 519 2469 de
542 2405 785 2470 commentariis
803 2404 958 2492 Didymi,
985 2409 1103 2495 quibus
1123 2413 1229 2476 sceni.

114 2547 168 2590 cos
194 2532 307 2610 poetas
334 2522 572 2605 illustraverat,
599 2521 746 2608 quaestio
772 2522 902 2588 absolvi
929 2513 1010 2590 mihi
1034 2551 1101 2594 non
1129 2553 1228 2616 posse

54 2659 56 2664 ’
113 2643 293 2725 videretur,
316 2643 505 2728 priusquam
524 2640 565 2705 de
583 2640 701 2704 lexicis
724 2643 849 2708 comico
871 2645 1062 2730 tragicoque
1084 2646 1227 2712 conditis

113 2763 209 2848 inque
237 2759 440 2846 Hesychium
465 2760 606 2844 receptis
635 2768 801 2822 constaret
826 2761 908 2846 (vid.
934 2784 966 2846 p.
997 2763 1088 2844 272),
1117 2784 1228 2850 neque

113 2879 289 2966 quidquam
325 2878 505 2962 excogitari
538 2876 712 2941 absurdius
746 2878 921 2963 potuisset,
954 2899 1051 2964 quam
1077 2881 1227 2946 membra

114 2996 189 3061 libri
217 3005 337 3062 natura
369 2995 578 3060 cohaerentia
603 3003 726 3059 temere
748 2993 921 3078 divellere,
947 3016 1064 3082 nempe
1084 2998 1185 3063 ordiri
1203 3021 1226 3064 a

112 3116 302 3180 recensione
324 3113 516 3196 Homerica,
543 3113 619 3177 dein
641 3111 684 3175 ad
706 3111 814 3191 lexico
835 3111 1002 3195 aberrare,
1028 3137 1226 3202 rursumque

111 3255 240 3298 cursum
268 3231 416 3296 relictum
432 3233 582 3314 iterare,
607 3230 748 3317 primum
772 3230 889 3314 λέξεις,
917 3229 1037 3294 deinde
1059 3253 1223 3297 commen-

109 3352 226 3432 tarios,
246 3350 343 3413 tertio
362 3349 468 3434 capite
488 3347 644 3433 opuscula
664 3349 893 3432 grammatica,
922 3357 1038 3434 quarto
1059 3349 1221 3414 miseella-

110 3490 171 3534 nea
193 3466 341 3548 absolvi,
363 3468 476 3552 quinto
499 3465 640 3551 denique
661 3465 805 3530 incertae
826 3465 914 3530 sedis
932 3464 1117 3548 fragmenta
1133 3489 1220 3532 com-

109 3585 279 3673 prehendi.
324 3582 439 3668 Neque
464 3584 607 3648 secundo
635 3583 742 3670 capite
762 3591 949 3648 constanter
969 3603 1043 3648 eum
1064 3605 1220 3670 paragra·

108 3705 246 3790 phorum
268 3702 415 3767 ordinem
433 3702 540 3784 tenui,
567 3703 619 3766 cui
638 3725 670 3789 p.
691 3703 826 3764 11-13
850 3699 1008 3764 librorum
1024 3711 1218 3788 conspectus

109 3819 363 3904 adstringendus
393 3829 478 3902 erat,
502 3819 561 3883 sed
581 3818 750 3906 paululum
772 3819 853 3883 mihi
881 3795 1116 3884 immutandum
1134 3843 1219 3884 surn-

107 3940 167 4024 psi.
214 3935 355 4002 Scholiis
379 3938 520 4000 enimin
542 3937 680 4001 Iliadem
697 3938 832 4002 Venetis
850 3936 988 4023 Didymi
1011 3934 1218 4019 διορθωτικά

107 4055 267 4120 contineri
289 4054 398 4118 indice
418 4054 475 4120 illo
491 4053 629 4140 singulis
651 4054 835 4140 rhapsodiis
857 4054 1039 4139 subscripto
1061 4054 1218 4117 certiores

106 4171 214 4255 fimus,
242 4181 276 4236 at
303 4180 417 4235 carent
439 4170 734 4261 subscriptionibus
754 4173 806 4236 his
833 4171 956 4235 scholia
977 4173 1012 4232 in
1033 4168 1217 4253 Odysseam

105 4285 285 4354 Harleiana
315 4300 348 4354 et
368 4289 645 4354 Mediolanensia:
673 4291 782 4377 itaque
809 4309 852 4354 ex
877 4287 928 4350 his
956 4293 1127 4372 excerptas
1157 4285 1217 4347 Di·
