2894 4890
206 371 268 434 222

208 530 382 618 ἀληθείαις
404 528 465 599 τόν
482 529 646 617 Ἡρακλέα
668 535 757 616 ἔχειν
776 534 937 598 ἐπαινεῖν.
969 528 1154 600 Ἀπόλλωνι
1172 534 1235 616 μὲν
1255 528 1320 618 γὰρ

207 630 226 700 ὁ
243 631 407 718 Ἡρακλῆς
429 635 466 698 ἐν
487 641 606 701 Πυθοῖ
625 633 761 719 μάχεται
787 633 862 716 περὶ
884 637 946 698 τοῦ
962 635 1119 716 τρίποδος
1140 629 1205 700 οὐκ
1231 630 1320 718 ιἰμό-

205 759 278 800 νων
306 739 347 821 τῇ
372 732 494 823 Πύλῳ,
528 740 574 824 τῷ
588 731 685 822 Ἅιδῃ
708 732 761 818 δέ,
788 728 840 797 ότι
865 734 925 800 τόν
954 734 1127 820 Κέρβερον
1157 729 1319 820 ἀνήγαγε,

206 839 397 903 Ποσειδῶνι
419 832 456 900 δὲ
480 831 645 920 ἄμόνοντι
663 833 779 922 Πύλῳ.

291 937 378 1002 Hinc
398 937 522 1002 scholia
543 939 640 1002 Hom.
669 937 709 1002 Il.
731 942 763 1002 E
784 939 845 1002 397
879 936 1022 1024 suppleri
1048 946 1196 1022 possunt.
1233 939 1318 1002 Nam

206 1041 349 1124 genuina
374 1039 513 1127 Didymi
540 1039 663 1104 scholia
692 1038 735 1102 ad
761 1062 793 1103 v.
821 1041 989 1102 336-365
1016 1038 1203 1104 .Villoisone
1233 1048 1318 1104 teste

205 1143 382 1226 perierunt.
426 1140 590 1226 Didymus
609 1140 709 1224 igitur
731 1162 804 1204 cum
824 1139 1016 1204 Aristarcho
1039 1139 1076 1204 έν
1103 1136 1199 1227 πόλῳ
1225 1140 1316 1224 legii,

206 1243 292 1328 quod
314 1242 379 1304 iam
399 1242 700 1305 animadverterunt
724 1241 836 1305 scholl.
858 1241 938 1324 BL.
960 1240 1002 1306 ab
1024 1240 1161 1306 Homeri
1178 1249 1210 1304 et
1232 1263 1317 1306 com·

206 1344 296 1407 muni
327 1343 528 1408 Graecorum
555 1362 617 1407 usu
646 1341 799 1406 alienum.
844 1342 960 1407 0411.
993 1349 1028 1408 Π
1058 1344 1119 1406 810
1146 1347 1176 1406 Ε
1206 1346 1268 1406 646
1298 1347 1320 1406 Ι

205 1447 266 1507 312
301 1449 338 1508 Ψ
367 1449 403 1507 71
447 1443 510 1508 Od.
540 1446 556 1520 ξ
594 1446 652 1506 156
683 1443 830 1508 Lobeck.
862 1444 999 1531 paralip.
1033 1467 1065 1530 p.
1102 1446 1171 1509 178.
1213 1445 1315 1508 Recte

204 1546 241 1609 έν
263 1542 368 1632 Πύλῳ
395 1546 512 1608 lustin.
540 1545 575 1606 in
602 1545 724 1609 cohort.
752 1549 824 1632 p.3
856 1545 986 1632 (Dolon.
1012 1543 1108 1628 1686)
1138 1543 1248 1608 Tzetz.
1271 1547 1315 1610 ad

203 1648 283 1732 Lyc.
307 1670 344 1733 p.
367 1648 425 1708 351
452 1644 565 1709 scholl.
588 1645 664 1710 AD.
687 1646 728 1710 Il.
749 1652 780 1711 A
796 1650 857 1710 690
880 1648 1013 1732 interpr.
1037 1636 1095 1710 Gr.
1123 1668 1174 1732 ap.
1202 1646 1312 1710 Bekk.

203 1769 241 1810 ac
269 1746 458 1833 praeferunt
485 1744 522 1808 ἐν
543 1743 647 1832 Πύλῳ
676 1747 789 1812 scholl.
811 1750 850 1813 L.
873 1748 915 1812 V.
938 1748 982 1812 D.
1005 1748 1156 1812 Eustath.
1184 1772 1216 1835 p.
1240 1751 1314 1831 563,
1395 1788 1399 1794 -

203 1852 243 1912 27
271 1846 441 1911 Thiersch.
471 1847 514 1911 ad
543 1847 638 1913 Pind.
662 1849 714 1914 Ol.
738 1849 791 1914 IX
812 1853 852 1914 32
881 1849 921 1914 Ο.
944 1849 1092 1913 Mueller.
1120 1850 1273 1913 Doriens!
1298 1848 1315 1912 I

202 1976 234 2039 p.
257 1956 319 2014 447
342 1951 393 2017 ed.
414 1947 469 2013 alt.
489 1948 603 2014 Gross.
626 1950 756 2016 Vindio.
778 1953 908 2018 Homl
929 1975 961 2038 p.
978 1955 1018 2013 74
1040 1950 1149 2016 Iacob.
1172 1949 1311 2036 Mythol.

203 2052 324 2116 enchir.
354 2075 386 2138 p.
410 2054 472 2114 360
503 2051 612 2139 Heyn.
640 2052 890 2117 Both..0rcum
914 2054 956 2117 ab
979 2051 1123 2116 Hercule
1143 2049 1313 2137 Pyliorum

201 2153 288 2219 bello
308 2153 514 2217 vulneratum
536 2162 656 2217 norunt
675 2153 829 2241 Apollod.
851 2155 931 2220 bibl.
951 2155 986 2219 II
1006 2159 1035 2236 7,
1059 2156 1077 2217 3
1102 2152 1243 2217 Pausan.
1264 2152 1312 2216 VI

201 2259 256 2338 25,
280 2259 298 2318 3
329 2254 429 2318 schol.
458 2255 533 2342 AD.
563 2243 604 2318 Il.
634 2259 665 2318 A
691 2259 753 2319 699
783 2256 896 2320 Senes.
930 2257 1029 2320 Herc.
1058 2254 1121 2318 fur.
1153 2258 1214 2318 560
1250 2253 1311 2317 Pa·

201 2378 294 2442 nyas.
321 2378 373 2441 ap.
394 2355 518 2420 Arnob.
541 2355 615 2419 adv.
639 2365 727 2440 gent.
752 2356 800 2419 IV
817 2380 849 2443 p.
873 2360 913 2420 85
934 2359 985 2422 ed.
1009 2356 1159 2420 Elmenh.
1189 2355 1313 2420 Contra

201 2479 331 2546 pugnae
348 2460 381 2520 in
393 2457 478 2521 Orco
500 2459 692 2521 commissae
712 2466 812 2521 testes
832 2458 913 2523 nulli
932 2467 1016 2541 sunt,
1038 2459 1101 2522 nisi
1116 2457 1311 2521 scholiastae

202 2557 235 2621 ll.
260 2557 294 2621 ll.
319 2566 351 2621 et
371 2557 414 2621 ad
434 2558 544 2645 Apoll.
566 2559 672 2623 Rhod.
695 2560 820 2643 Argon.
844 2561 861 2622 Ι
886 2563 965 2623 1359
989 2559 1168 2623 Philemon.
1192 2582 1223 2645 p.
1251 2562 1309 2620 1115

202 2659 252 2722 ed.
266 2659 390 2723 Osann.
414 2660 559 2746 Hesych.
579 2661 614 2724 ΙΙ
640 2664 716 2743 1081
741 2660 894 2746 Apollod.
918 2660 1309 2745 115,12·Agatharchid.

202 2761 242 2825 de
267 2783 347 2826 mar.
370 2762 459 2827 rubr.
481 2786 513 2849 p.
540 2766 589 2826 11.

731 2918 779 2979 18.

287 3033 394 3097 Schol.
415 3032 467 3097 Ol.
487 3036 538 3097 ΙΑ
563 3038 600 3095 17
629 3034 744 3116 νέμει
766 3028 841 3122 γὰρ
861 3028 1071 3116 Ἀτρέκεια
1092 3028 1209 3108 πόλις
1229 3036 1310 3097 Λο-

201 3137 313 3215 κρῶν
335 3136 575 3214 Ζεφυρίων·
598 3172 640 3180 -
660 3128 678 3198 ὁ
702 3132 738 3198 δὲ
760 3130 947 3218 Δίδυμός
971 3150 1076 3217 φησιν
1098 3136 1185 3216 ἔχειν
1205 3131 1310 3216 λόγον

201 3234 256 3297 καὶ
277 3228 339 3315 τὴν
362 3229 524 3316 ἡμετέραν
549 3233 717 3320 (Ῥέτέραν)
743 3231 896 3319 γραφήν·
931 3236 1048 3319 νέμει
1069 3230 1144 3317 γὰρ
1165 3229 1186 3297 ἁ
1207 3257 1310 3316 τρα-

199 3344 292 3417 χεῖα
309 3330 431 3409 πόλις
452 3338 636 3418 Λοκρῶν.
665 3334 735 3398 ἐπεὶ
755 3331 820 3420 γὰρ
842 3335 916 3419 περὶ
938 3334 1073 3420 χάριτός
1095 3338 1186 3400 ἐστιν
1208 3330 1226 3400 ὁ
1251 3333 1310 3401 λό-

200 3459 258 3518 γος
277 3437 396 3517 φησίν·
426 3429 585 3517 ἀπονέμει
605 3431 669 3518 γὰρ
691 3429 711 3519 ἡ
734 3448 867 3520 τραχεῖα
888 3435 985 3514 πόλις
1002 3431 1064 3519 τὴν
1083 3433 1190 3521 χάριν.
1233 3439 1307 3502 Vel.

200 3531 291 3600 Vrat.
315 3537 356 3600 A.
380 3527 495 3615 <Quod
516 3536 581 3598 iam
598 3528 700 3602 metro
717 3538 936 3603 obversatur'.
960 3539 1083 3623 Bergk.
1105 3539 1155 3602 ed.
1175 3541 1193 3600 2
1210 3562 1242 3625 p.
1257 3543 1308 3602 63.

200 3637 409 3710 ‘Schneider
433 3631 584 3720 αἰτρέχεια
603 3648 696 3704 acute
719 3643 887 3705 coniecit'.
909 3639 1055 3704 Boeckh.
1080 3640 1197 3726 explic.
1210 3640 1308 3705 Pind.

198 3761 230 3824 p.
246 3743 315 3803 199.
339 3737 435 3802 Adde
458 3738 602 3825 Hesych.
627 3735 820 3827 ιἰτρέχως·
846 3734 998 3824 ἀτρίβως,
1020 3741 1078 3804 ubi
1098 3739 1161 3824 leg.
1186 3735 1310 3823 ἄτρε-

198 3843 289 3921 χιός·
312 3834 468 3924 ἀκριβῶς.
1000 3890 1003 3897 .

729 3963 776 4023 19.

283 4073 362 4138 ibid.
387 4067 576 4140 55”Αλτιυ
597 4073 668 4168 μὲν
688 4069 708 4140 ό
731 4070 763 4158 γ’
784 4076 829 4139 έν
851 4078 1040 4163 καθαρῷ·
1060 4070 1308 4164 Ἀριστόδη-

71 4243 77 4254 ..
198 4196 272 4257 μος
293 4170 416 4256 γράφει
435 4169 510 4239 ιἰυιλ
530 4180 593 4241 τοῦ
609 4167 839 4242 ἎλινἍλτιυ.
863 4171 952 4242 οὕτω
974 4174 1039 4261 γὰρ
1062 4173 1122 4242 τόν
1146 4179 1223 4259 περὶ
1245 4177 1308 4263 τὴν

194 4266 378 4354 Ὀλυμπίαν
400 4271 504 4340 τόπον
525 4281 717 4360 καλεῖσθαι,
749 4277 803 4342 καὶ
825 4276 885 4342 τόν
906 4282 973 4344 Δία
996 4279 1028 4357 ἐξ
1052 4279 1211 4344 ἐπιθέτου
1229 4275 1307 4346 ’Ἀλ-
