2812 4868
230 364 267 410 v1
678 358 887 406 PRAEFATIO.

315 514 362 578 Ut
380 532 459 577 vero
481 531 568 573 nune
590 519 777 596 comparata
797 532 851 574 res
874 518 938 594 est,
961 519 1076 576 neuter
1099 509 1190 576 locus
1209 510 1270 574 hac
1288 532 1341 574 ae-

229 642 296 698 tate
317 629 509 717 pertractari
527 630 647 714 poterit
667 629 733 692 nisi
752 628 794 691 ab
816 649 871 711 eo,
895 630 950 716 qui
971 629 1236 693 molestissimum
1256 626 1341 691 illud

228 748 513 835 grammaticorum
544 746 700 833 reliquias
732 746 909 830 colligendi
935 747 1214 833 componendique
1242 767 1340 830 nego-

141 936 146 947 ,
227 869 310 931 tium
331 867 401 951 ipse
424 864 489 929 sibi
517 865 723 950 imposuerit,
753 865 852 952 inque
875 865 1021 950 singulos
1045 865 1274 949 grammaticos
1296 863 1339 926 ab

227 987 308 1072 ipsis
328 982 532 1070 principibus
555 1003 692 1047 exorsus
719 982 879 1067 singulari
901 984 1077 1068 scriptione
1104 989 1339 1050 commentatus

228 1104 328 1168 fuerit
356 1123 395 1166 ea
421 1122 501 1164 usus
529 1099 717 1184 diligentia,
745 1123 809 1187 qua
838 1101 873 1162 in
894 1099 1127 1186 componendis
1151 1099 1338 1164 Polemonis

227 1220 456 1285 Eratosthenis
477 1217 638 1282 Zenodoti
652 1217 883 1303 Aristophanis
899 1195 1082 1284 Aristarchi
1104 1217 1245 1283 Cratetis
1263 1218 1338 1282 Ari-

228 1341 345 1404 stonici
374 1336 514 1422 Apionis
536 1334 719 1400 Herodiani
742 1336 802 1399 Ori
828 1335 976 1424 reliquiis
997 1341 1050 1401 usi
1073 1344 1147 1401 sunt
1171 1331 1337 1400 Prellerus

226 1456 461 1542 Bernhardyus
503 1454 711 1518 Duentzerus
745 1452 948 1520 Ribbeokius
974 1454 1145 1520 Nauckins
1179 1453 1338 1519 Lehrsius

226 1574 431 1658 Wegenerus
459 1571 733 1637 Friedlaenderus
757 1571 971 1657 Ritschelius,
1003 1583 1036 1638 et
1065 1596 1130 1662 qua
1157 1573 1216 1637 alii
1235 1573 1339 1636 nostri

226 1692 349 1758 saeculi
383 1691 447 1756 uiri
482 1689 662 1756 doctissimi
691 1689 828 1755 aliorum
861 1692 971 1757 studia
1001 1691 1196 1760 adumbrare
1228 1690 1338 1754 conati

226 1819 319 1895 sunt,
342 1831 423 1897 quos
445 1811 530 1874 inter
553 1807 707 1872 Ottonem
730 1807 964 1876 Schneiderum
985 1810 1145 1876 Meierum
1166 1811 1336 1876 Osannum

225 1929 485 1994 Schoemannum
511 1925 790 1993 Graefenhanium
817 1925 1007 2000 Valsenium
1033 1928 1197 2014 Langium
1224 1928 1336 1994 Serae-

225 2047 341 2114 cakam
367 2045 570 2112 Becoardum
598 2043 812 2110 Gerhardum.
832 2045 1011 2112 Radulfum
1035 2045 1251 2138 Schmidtium
1279 2067 1337 2110 no·

224 2167 367 2232 minasse
387 2167 466 2230 satis
487 2163 604 2230 habeo.
647 2162 800 2249 Longum
821 2165 907 2230 enim
929 2173 979 2230 est
998 2187 1110 2232 omnes
1134 2185 1334 2232 enumerare.

223 2285 273 2348 Ac
295 2283 494 2371 Ritsohelius
523 2283 656 2370 quidem
686 2283 771 2348 sitne
806 2285 992 2350 etiamnunc
1010 2292 1112 2350 tenax
1134 2285 1265 2350 consilii
1286 2284 1334 2350 hi·

224 2403 358 2465 storiam
375 2423 514 2487 graecae
532 2403 764 2486 grammaticae
786 2401 1027 2488 perscribendi,
1049 2425 1146 2489 quam
1168 2404 1277 2468 moliri
1299 2425 1334 2468 se

222 2519 258 2582 in
279 2518 428 2604 prolegg.
451 2519 495 2584 ad
517 2519 676 2586 Theodul.
702 2543 734 2606 p.
762 2536 800 2584 IX
822 2521 910 2584 etin
931 2531 1104 2586 comment.
1125 2523 1166 2586 de
1188 2523 1255 2586 Oro
1277 2525 1298 2603 ὅ
1316 2527 1328 2586 1

223 2635 448 2721 significabat,
475 2637 562 2703 haud
586 2639 665 2704 satis
691 2637 777 2719 scio,
803 2636 846 2702 K.
869 2634 1043 2703 Lehrsium
1064 2662 1158 2723 vero,
1182 2643 1333 2727 quamvis

223 2755 319 2820 enixe
343 2765 508 2842 rogatum,
540 2766 576 2822 ut
604 2754 889 2841 grammaticorum
916 2765 1124 2842 componeret
1153 2757 1333 2843 historiam,

222 2874 275 2936 oui
302 2876 394 2959 operi
423 2874 622 2962 perficiendo
652 2894 758 2957 neque
787 2874 914 2939 exstitit
940 2873 1013 2961 ipso
1047 2897 1153 2963 neque
1190 2876 1335 2942 exstabit

221 3011 365 3076 unquam
372 3041 381 3075 ,
418 2995 489 3057 sive
529 2994 687 3058 scientiae
714 2992 842 3078 copiam
878 2992 950 3059 sive
975 3015 1112 3060 acumen
1140 2994 1331 3080 ingeniique

222 3106 315 3172 dotes
342 3110 559 3192 spectaveris,
588 3111 733 3195 paratior
752 3110 849 3193 alter,
877 3110 938 3176 hoo
959 3112 1067 3199 ipsum
1088 3112 1256 3197 negotium
1277 3111 1332 3176 de·
1390 3143 1393 3152 ¹

221 3232 393 3308 tractasse,
415 3226 623 3315 humerisque
641 3228 839 3295 iuvenilibus
859 3231 1048 3316 impositum
1063 3231 1217 3298 maluisse
1229 3231 1330 3296 fando

221 3344 416 3430 accepimus.
463 3344 578 3430 Itaque
600 3345 653 3410 hic
674 3344 764 3411 locus
786 3369 860 3412 eum
884 3333 1070 3414 etiamnunc
1090 3347 1330 3434 philologorum

220 3460 337 3524 studiis
364 3471 476 3548 posset
502 3461 677 3528 derelictus
705 3465 927 3552 appellari-
948 3488 1024 3531 nam
1051 3489 1148 3554 quam
1171 3467 1331 3532 Graefen·

219 3578 318 3643 hanio
338 3578 493 3648 debemus
512 3580 712 3667 philologiae
742 3569 898 3650 classicae
919 3583 1089 3649 historiam
1108 3585 1330 3652 immaturiore

218 3704 315 3780 partu
342 3699 378 3762 in
400 3698 507 3764 lucem
532 3720 604 3762 esse
632 3698 754 3764 editam
775 3703 868 3766 iuxta
890 3723 963 3766 cum
989 3702 1064 3768 aliis
1086 3705 1268 3769 iudicamus
1287 3741 1330 3757 --

218 3833 364 3878 meorum
383 3836 511 3902 quoque
530 3816 712 3882 studiorum
733 3818 875 3901 vestigia
889 3818 975 3884 huno
996 3843 1144 3907 premere
1163 3824 1329 3888 tramitem

218 3930 316 4012 iussi,
337 3931 570 4019 professusque
588 3956 661 3999 sum
682 3935 884 4000 documentis
907 3938 1073 4002 nonnullis
1094 3939 1247 4027 deinceps
1269 3965 1328 4028 pu·

217 4045 303 4110 blice
324 4047 427 4131 datis,
450 4050 791 4135 commentationibus,
812 4053 960 4139 inquam,
984 4055 1025 4120 de
1047 4055 1183 4121 Seleuco
1205 4058 1326 4124 Home-

217 4166 285 4228 rico
313 4165 354 4230 de
376 4166 559 4232 Philoxeno
582 4168 807 4235 Alexandrino
836 4169 876 4234 de
899 4171 1075 4259 Tryphone
1097 4173 1137 4237 de
1161 4173 1325 4261 Dionysio

217 4279 344 4346 Thrace
365 4285 543 4370 inscriptis.
587 4286 696 4372 Atque
725 4286 960 4353 eiusdemmodi
982 4291 1251 4356 exercitationum
1278 4295 1326 4359 vi·
