2894 4890
195 366 257 427 230

730 525 781 586 37.

281 645 387 710 Schol.
410 644 505 708 Nem.
526 646 559 706 Γ
581 645 593 703 1
617 663 649 727 p.
673 646 736 706 440
757 639 904 723 ἐζήτηται
929 640 983 722 δέ,
1014 640 1084 716 πῶς
1107 638 1311 704 ἐπικαλεῖται

197 744 259 831 τὴν
281 750 428 812 Μοῦσαν
455 744 570 809 ἐλθεῖν
599 745 645 819 εἰς
667 737 729 824 τὴν
752 747 896 824 Αἰγιναν
925 734 1010 824 ὑπὲρ
1032 744 1094 805 τοῦ
1116 738 1177 806 τὸν
1199 736 1313 826 ύμνον

197 844 364 936 ᾆσθῆναι,
398 846 453 911 καὶ
481 840 549 928 ἅμα
577 840 658 920 τούς
683 846 883 918 νεανίσκους
910 841 992 925 φησί
1021 841 1153 927 μένειν,
1181 838 1227 908 δι’
1252 837 1314 920 οὓς

198 943 305 1033 αύτην
327 948 548 1029 ἐπικαλεῖται,
581 938 645 1009 οὐκ
667 943 705 1008 ἐν
726 945 863 1028 Αἰγίνῃ,
894 937 966 1008 ἀλλ’
992 943 1029 1007 έν
1051 944 1183 1032 Νεμέᾳ,
1206 939 1224 1011 ὁ
1248 943 1314 1029 γὰρ

196 1045 346 1127 Ἀσωπὸς
376 1042 441 1113 ούκ
469 1047 506 1112 έν
526 1049 649 1132 Αἰγίνῃ
671 1039 756 1109 ίιλλά
778 1045 854 1125 περὶ
877 1042 1049 1109 Φλιοῦντά
1072 1045 1141 1110 ἐστι
1164 1044 1219 1110 καὶ
1242 1051 1314 1110 Νε-

199 1152 292 1237 μέαν.
332 1144 350 1215 ὁ
374 1145 436 1232 μὲν
459 1138 523 1214 ούν
542 1144 808 1232 Ἀρίσταρχός
827 1166 932 1230 φησιν
949 1195 1044 1210 .....
1075 1143 1093 1212 ὁ
1117 1144 1160 1213 δὲ
1181 1151 1317 1214 Λίθο-

199 1276 273 1336 μος
294 1252 525 1333 διηπατῆσθαί
545 1266 650 1332 φησιν
672 1244 752 1326 τούς
771 1242 1153 1331 ύπομνηματισαμένονς
1169 1255 1210 1336 τῃ
1224 1244 1316 1336 ὁμω-

201 1356 305 1440 ννμίη
326 1356 395 1416 τῶν
416 1355 592 1434 ποταμῶν·
614 1352 648 1415 οι*
660 1345 724 1432 γὰρ
733 1345 882 1414 ’Ἀσωποι
901 1354 1047 1435 πλείους,
1070 1340 1119 1415 οἷν
1134 1351 1194 1416 ἕνα
1210 1350 1318 1436 φησὶν

159 1539 165 1548 Ι,
201 1455 263 1542 (sic
285 1452 449 1534 Boeckh.‚
480 1451 574 1514 codd.
598 1452 716 1535 φασίν)
747 1446 831 1515 εἶναι
853 1449 908 1515 καὶ
930 1447 991 1516 τὸν
1014 1452 1050 1516 ἐν
1073 1455 1206 1539 Αἰγίνῃ.
1236 1449 1318 1518 ὅδὲ

199 1559 520 1637 Καλλίστρατος
537 1545 702 1617 Ἀσωπίδα
722 1553 759 1616 έν
780 1554 912 1639 Αἰγίνῃ.
946 1549 1087 1618 δύναται
1110 1551 1147 1618 δὲ
1170 1556 1224 1620 καὶ
1248 1553 1316 1621 κτὲ.

285 1657 408 1721 Verum
429 1654 598 1739 perspexit
613 1653 820 1718 Callistratus
839 1677 976 1742 eumque
994 1664 1123 1720 secutus
1138 1656 1316 1741 Didymus.

202 1759 255 1825 cf.
267 1753 581 1837 Mueller..Aeginet.
596 1777 628 1839 p.
642 1757 672 1819 6.
689 1759 737 1838 10,
749 1756 883 1821 Dissen.
897 1755 983 1841 expl.
1001 1755 1096 1819 Pind.
1109 1779 1140 1843 p.
1155 1759 1227 1820 364.
1242 1761 1315 1822 382.

716 1940 792 2028 οε]

286 2057 394 2124 Schol.
417 2056 511 2120 Nem.
534 2059 566 2120 Γ
588 2061 625 2120 16
656 2052 752 2140 ίίρχε
774 2052 827 2143 θ’,
855 2051 1019 2142 ούρανύ
1045 2059 1318 2141 πολυνεφέλα

200 2158 372 2243 κρέοντι
395 2155 602 2241 θύγατερ·
624 2198 667 2209 -
687 2159 820 2243 βέλτιον
841 2158 880 2222 δέ
896 2176 1001 2241 φησιν
1023 2152 1040 2223 ὁ
1059 2161 1230 2242 Πίνδαρος
1254 2162 1317 2247 (sic

201 2261 291 2344 vulg.
298 2308 308 2341 ‚
338 2257 488 2345 Heynius
517 2261 601 2323 coni.
631 2253 838 2342 ὁΔίθνμος,
870 2258 958 2322 idem
983 2259 1128 2324 voluisse
1150 2260 1317 2345 Bergkius

202 2360 331 2425 videtur
361 2359 412 2423 ed.
436 2361 491 2425 alt.
512 2383 545 2447 p.
572 2363 648 2443 158,
675 2360 864 2424 Boeckhius
892 2360 1090 2423 tutissimum
1112 2361 1208 2425 duxit
1229 2361 1318 2426 lacu-

201 2483 277 2525 nam
306 2462 461 2544 statuere)
493 2456 631 2524 ίικούειν
663 2456 700 2526 τό
735 2455 817 2525 ὅλον
846 2455 954 2524 οὕτω·
989 2464 1051 2525 τοῦ
1080 2463 1317 2544 πολννεφέλου

201 2562 359 2645 κρέοντος
381 2553 533 2646 ούρανοῦ
554 2561 716 2645 θύγατερ,
740 2567 801 2626 τοῦ
821 2558 915 2637 Διός.
946 2561 1055 2645 κρέων
1077 2557 1141 2645 γὰρ
1163 2558 1317 2647 ούρανού

200 2657 224 2728 ὁ,
244 2657 348 2747 Ζεύς,
373 2659 456 2751 Διὸς
475 2662 511 2726 δὲ
530 2666 680 2727 Μοῦσαι.
1165 2744 1166 2747 ¹

286 2765 375 2828 Loco
395 2773 427 2828 et
448 2764 642 2829 illustrando
666 2774 698 2829 et
720 2764 922 2838 emendando
946 2764 1087 2849 impares
1110 2764 1242 2829 fuerunt
1260 2788 1318 2830 ve-

201 2876 286 2932 teres
312 2866 516 2950 grammatici
531 2865 741 2930 Aristarchus
763 2864 956 2928 Ammcnius
979 2865 1154 2950 Didymus.
1202 2865 1318 2952 Neque

202 2966 369 3030 sufficiunt
391 2988 474 3051 quae
495 2965 686 3052 Ludolphus
708 2967 852 3029 Dissen.
867 2965 954 3051 expl.
981 2965 1077 3029 Pind.
1101 2989 1133 3051 p.
1152 2969 1213 3031 365
1234 2975 1319 3032 attu-

201 3066 240 3129 lit
262 3075 370 3145 ‘praet'
389 3087 458 3131 vero
479 3072 546 3131 Ιονί
565 3073 719 3147 hymnum,
740 3073 824 3144 filia·
851 3073 880 3130 λ.
899 3089 924 3130 e.
948 3072 1050 3131 doceri
1071 3078 1168 3131 autem
1190 3073 1278 3146 οαμίο
1298 3089 1319 3130 ο

202 3173 389 3246 selymanus
409 3172 500 3230 Ioui.2
534 3168 607 3231 Hoc
626 3176 736 3232 tamen
758 3168 860 3231 sensit
881 3153 1056 3253 Didymus,
1080 3167 1121 3231 de
1141 3168 1231 3249 love,
1251 3190 1318 3232 non

204 3266 245 3330 de
263 3266 375 3330 Urano
404 3288 585 3331 sermonem
613 3288 694 3330 esse.
740 3269 869 3331 Primus
891 3268 1014 3353 Bergk.
1039 3269 1090 3334 ed.
1114 3270 1169 3333 alt.
1194 3294 1225 3356 p.
1256 3275 1316 3334 158

204 3366 333 3450 scripsit
345 3359 506 3450 ούρανοῖο
518 3370 688 3448 πολνφίλα
703 3367 835 3450 κρέοντι
850 3365 1012 3452 θύγατερ,
1025 3372 1111 3456 quod
1127 3370 1315 3456 amplector.

732 3557 783 3618 39.

288 3667 369 3732 ibid.
388 3674 423 3732 71
448 3665 642 3752 ψεφηνὸς
662 3665 1032 3756 ἀνὴρ-ποδί-ὁ
1057 3671 1093 3736 δὲ
1110 3675 1319 3756 Δίδυμος·

204 3760 367 3832 οὐδέποτε
389 3765 534 3855 καταβὰς
556 3769 609 3835 ἰπὶ
634 3775 769 3856 πρᾶγμα
790 3767 936 3856 ἵσταται,
959 3769 1106 3856 ένέμειύε
1130 3767 1182 3836 ἐπ’
1207 3768 1317 3838 αύτού

200 3865 259 3931 καί
281 3868 551 3954 ἐνεκαρτέρησεν,
575 3865 650 3936 ἀλλ’
667 3875 718 3950 εἰς
740 3868 846 3938 πολλοὶ
874 3873 929 3938 καὶ
951 3867 1035 3938 dara
1055 3874 1260 3960 μεταπρέπει.

731 4045 783 4105 40.

207 4159 210 4166 '
291 4155 399 4220 Schol.
421 4155 516 4220 Nem.
534 4159 664 4242 2131).
685 4162 746 4221 450
779 4159 938 4237 θέλξαν
963 4125 1030 4223 νιν
1059 4153 1322 4244 ἁπτόμεναι·

201 4248 238 4320 td
264 4257 330 4322 νίν
346 4250 557 4343 Ἀρίσταρχος
579 4256 632 4323 ἐπὶ
650 4260 708 4344 τῆς
731 4252 947 4344 εὐφροσύνης
969 4254 1098 4345 ἀκούει,
1121 4256 1207 4328 ὥστε
1231 4256 1318 4327 εἰναι
