2858 4882
222 283 285 394 τοι

223 495 463 569 κατοικοῦντας
489 486 580 556 οὕτω
609 465 767 575 λίμεᾶθαι
789 491 845 558 διὰ
870 488 907 557 τὰ
927 493 1104 579 λιμώττειν
1126 494 1182 560 καὶ
1204 503 1333 580 μοχθη-

221 591 288 679 ρὰν
311 597 398 680 ἔχειν
420 593 556 677 ταύτην.

268 746 274 755 .
305 698 466 762 Breviora
488 697 644 762 exhibent
661 696 756 762 Phot.
778 697 868 763 Suid.
891 700 922 762 A
940 699 1085 785 Didymo
1109 699 1251 764 discedit
1271 700 1334 784 pri-

220 821 276 864 ore
298 802 460 864 sententia
480 810 609 886 arrepta
630 799 796 864 Plutarch.
820 809 904 870 cent.
927 799 943 862 Ι
966 803 1006 864 34
1029 824 1061 885 p.
1084 803 1146 864 326
1168 799 1208 865 Ο.
1222 801 1332 865 Muell.

221 901 440 966 6061192.
486 902 539 966 Of.
563 925 594 989 p.
619 905 670 966 34.
728 989 746 1048 5
783 989 802 1050 6

304 1103 391 1191 App.
415 1104 536 1170 Provv.
559 1105 608 1169 IV
632 1108 683 1169 26.
707 1107 747 1169 29
776 1104 841 1168 vol.
864 1104 881 1166 I
903 1106 976 1167 439.
998 1108 1059 1167 446
1083 1098 1169 1168 ὄνου
1198 1102 1276 1170 σκιά
1303 1115 1334 1169 et

222 1200 298 1284 ὄξος
324 1202 498 1288 Σφήττιον
534 1228 551 1268 e
579 1206 724 1292 Didymo
753 1205 890 1270 fluxisse
919 1213 1055 1290 apparet
1084 1229 1126 1269 ex
1149 1206 1332 1292 Harpocra-

220 1309 323 1388 tione‚
352 1309 399 1371 uti
427 1307 616 1372 observavit
639 1307 842 1372 Schneidew.
874 1308 908 1370 in
936 1307 1040 1393 praef.
1075 1331 1107 1393 p.
1138 1325 1211 1372 xlv.
1234 1357 1235 1360 ¹
1256 1309 1332 1374 vid.

220 1419 392 1472 comment.
414 1408 449 1471 ΙΙ
471 1409 512 1473 de
534 1409 688 1496 hypomn.
710 1409 806 1473 rhett.
828 1432 859 1496 p.
883 1412 956 1473 311.

756 1602 774 1659 7

306 1713 413 1778 Sehol.
429 1713 513 1778 Plat.
532 1713 655 1801 Cratyl.
676 1714 713 1801 p.
737 1716 798 1778 369
821 1712 930 1778 Bekk.
959 1709 1115 1796 χαλεπὰ
1142 1709 1188 1778 τὰ
1217 1711 1330 1779 καλοί.

221 1821 379 1899 παροιμία
415 1813 468 1879 ε’ττὶ
495 1818 564 1879 τῶν
592 1814 630 1879 ἐν
659 1811 826 1901 εὐπραγίᾳ
851 1815 1151 1899 μεταβαλλομένων
1173 1811 1333 1900 εἰςώμό-

219 1943 308 2002 τητα.
354 1920 436 2001 φησί
461 1916 498 1981 δὲ
521 1912 628 2001 αὐτὴν
650 1921 841 2002 Δίδυμος
870 1911 937 1981 ὑπὸ
961 1915 1121 1994 Σόλωνος
1147 1912 1333 2002 ἀναφανη-

219 2024 325 2104 &rivet
353 2018 406 2084 ἐπὶ
433 2016 589 2108 Πιττάκῳ
615 2016 800 2084 ἱκετεύοντι
825 2014 887 2102 τὴν
917 2013 1023 2104 ἀρχὴν
1053 2015 1249 2085 ἀποθέσθαι
1278 2021 1332 2085 καὶ

220 2118 340 2204 φάντο·
364 2117 511 2204 χαλεπὸν
533 2117 659 2186 ἐσθλὸν
682 2125 805 2204 φῦναι,
831 2117 887 2186 διὰ
909 2119 946 2186 τό
970 2116 1029 2186 τὸν
1050 2124 1268 2204 Περίανδρον
1289 2125 1334 2199 είς

220 2219 374 2307 ὠμότητα
393 2229 606 2308 μεταβαλεῖν·
631 2217 733 2307 ὅθεν,
756 2218 865 2307 οἶμαι,
892 2223 975 2307 φησί
998 2222 1053 2288 καὶ
1076 2223 1297 2307 Μένανδρος·

386 2320 470 2410 ἀρχὴ
493 2329 630 2409 μεγίστη
650 2329 719 2390 τῶν
742 2325 779 2389 ἐν
802 2319 998 2408 ἀνθρώποις
1019 2328 1134 2390 κακῶν

387 2422 500 2510 ἀγαθοὶ
521 2422 561 2492 τὰ
583 2431 660 2493 λίαν
683 2423 805 2511 ἀγαθοί.

221 2526 383 2613 μέμνηται
412 2526 449 2593 δὲ
480 2523 584 2612 αὐτῆς
608 2527 663 2594 καὶ
688 2525 885 2613 Ἐπίχαρμος
919 2527 974 2594 καὶ
1003 2525 1146 2594 Πλάτων
1174 2532 1333 2616 Πολιτείᾳ

220 2631 275 2694 καί
296 2629 472 2718 Κρατύλῳ.

308 2732 359 2796 Of.
385 2732 587 2797 Schneidew.
617 2734 659 2797 ad
688 2733 846 2798 Simonid.
869 2757 901 2819 p.
927 2735 965 2796 19
988 2755 1058 2818 sqq.
1088 2733 1185 2796 etad
1206 2732 1331 2796 Zenob.

221 2834 704 2921 viesv01.1p.172.462.
758 2920 776 2981 8

307 3036 406 3100 Mieh.
427 3036 543 3124 Apost.
577 3037 671 3104 Oent.
701 3038 789 3102 XIX
817 3041 854 3100 41
885 3060 918 3123 p.
943 3039 1000 3099 241
1030 3037 1102 3101 Elz.
1142 3033 1330 3121 Topeivp·

223 3134 419 3219 Δίδυμός
446 3155 568 3223 φησιν,
599 3135 651 3206 ὅτι
679 3143 839 3226 παροιμία
866 3136 957 3203 ἐστὶν
978 3135 1032 3202 ἐπὶ
1054 3141 1122 3201 τῶν
1151 3132 1333 3221 ἁρμοζομέ-

223 3261 294 3302 νων
322 3238 377 3314 καί
403 3240 701 3322 σεμνοττοιούντων
732 3236 872 3318 ἑαυτοὺς
895 3237 980 3324 πρὸς
1004 3237 1044 3304 τίι
1066 3237 1210 3304 ἐναντία.
1255 3235 1335 3303 Ἰσο-

223 3335 347 3421 κράτης
374 3339 414 3403 δέ
438 3358 521 3424 φησι
549 3340 648 3407 πόλιν
671 3339 755 3408 εἶναι
784 3344 821 3408 ἐν
844 3340 970 3428 Θρᾴκῃ.
1016 3341 1068 3406 Cf.
1092 3350 1173 3405 nott.
1190 3339 1332 3424 Diogen.

224 3438 306 3501 V43
319 3438 409 3502 ed.L
426 3449 458 3504 et
472 3440 505 3506 S.
531 3441 584 3506 De
595 3444 694 3508 Mieh.
711 3445 775 3531 Ap.
792 3442 912 3508 XVIII
929 3446 970 3505 49
984 3463 1017 3528 p.
1034 3443 1095 3504 227
1113 3440 1156 3504 ef.
1172 3440 1239 3505 lex.
1253 3463 1332 3503 eom.

223 3561 255 3624 p.
278 3544 329 3604 46.

723 3635 827 3694 9.10.

308 3747 429 3811 Omitto
459 3747 564 3810 sciens
594 3632 903 3811 schol.(Ar.N1)1bb.
938 3749 997 3809 133
1018 3744 1144 3807 Musur.
1173 3751 1205 3806 et
1224 3743 1335 3808 Tzetz.

225 3847 365 3912 Chiliad.
388 3847 473 3910 VIII
500 3846 531 3909 h.
557 3851 615 3911 159
637 3871 669 3933 p.
692 3852 753 3912 297
783 3846 919 3929 Kiessl.‚
955 3848 1011 3932 qui
1028 3845 1210 3931 Didymum
1231 3847 1336 3930 ipsum

225 3971 291 4012 non
310 3950 475 4032 adierunt,
502 3950 560 4014 sed
581 3950 719 4016 Zenobii
741 3952 844 4014 nostri
864 3949 1064 4032 farraginem
1084 3947 1282 4032 expilarunt.
