2752 4890
591 376 791 436 ..0,-

758 443 762 454 ι

222 546 292 607 191.
323 537 432 624 ὄφρα
459 537 670 625 λάβοιμεν·
698 534 806 618 οὕτως
828 533 1054 625 Ἀρίσταρχος,
1087 534 1184 608 ἄλλοι
1211 540 1249 608 δὲ

133 653 227 713 αλιιε
249 642 452 729 λάβωμεν.
475 645 517 709 A.

222 750 295 812 213.
318 748 418 830 διχῶς
445 747 481 811 αί
508 739 726 829 Ἀριστάρχου
748 744 891 829 ίεργεν
910 746 965 812 ιιαί
986 749 1150 832 έρυιιεν.
1194 752 1250 816 καί

137 849 175 916 τό
198 845 243 916 δι’
276 843 478 932 ἀμφοτέρων
506 844 757 932 σημαινόμενόν
785 845 853 910 ἐστι
882 850 1031 914 τοιοῦτο·
1052 853 1121 917 τῶν
1139 846 1250 936 Ἀχαι-

137 955 188 1017 ῶν
209 947 292 1016 ὅσον
308 945 374 1016 άπὸ
389 953 452 1016 τοῦ
469 951 598 1034 τείχους
612 942 634 1032 ἡ
646 944 775 1032 τάφρος
790 941 919 1033 ῶριξεν,
934 948 1108 1036 ἐπλήθυεν
1126 948 1249 1039 ὁμοίως

135 1055 250 1120 ἵππων
281 1052 336 1117 καὶ
371 1045 508 1137 άνδρῶν
542 1049 845 1134 συνελαυνομένου
876 1049 932 1116 καί
976 1055 1250 1140 συνειργομέυων

137 1150 206 1222 ὑπὸ
217 1149 454 1236 τοῶἝττορος.
468 1155 509 1219 A.
531 1153 624 1234 Quae
635 1161 816 1240 sequuntur
826 1151 966 1219 fortasse
978 1156 1158 1222 Aristonici
1174 1169 1250 1224 sunt

136 1267 270 1347 propter
286 1277 442 1344 praesens
462 1264 590 1343 tompus
610 1250 745 1340 γράφει,
766 1253 955 1338 Ζηνόδοτος
974 1254 1011 1322 δὲ
1027 1254 1150 1343 γράφει
1168 1262 1249 1325 τῶν

137 1355 170 1427 δ’
187 1355 289 1424 ὅσον
309 1357 352 1424 ἐν
374 1360 487 1440 νηῶν
502 1351 580 1424 άπὸ
600 1354 939 1441 πύργοντάφρος
954 1359 1116 1445 ἔεργεν,
1139 1383 1249 1450 quam·

137 1485 237 1551 quom
256 1464 343 1526 inter
365 1459 572 1526 Aristonicus
594 1481 660 1526 non
681 1459 813 1524 admisit
834 1459 1120 1530 Frisdloondcrus.

224 1566 297 1630 235.
325 1551 426 1646 ἦττον
453 1554 497 1625 άν
525 1577 630 1645 φησιν
656 1555 865 1646 Ἀρίσταρχος
894 1556 1120 1630 ὀνειδιστικὸν
1151 1559 1248 1649 εἶναι,

138 1652 1249 1751 είπεροῧτωςἐγέγραπτο*Ἕκτορος,ςάδὴκῠδοςὈλύμπιος

138 1761 265 1844 αὐτὸς
286 1761 459 1843 ὀπάζει.’
489 1760 633 1848 ἠθέτητο
655 1759 692 1828 δὲ
714 1761 770 1828 καὶ
791 1762 881 1850 παρά
898 1761 1142 1853 Ἀριστοφάνει.
1173 1768 1247 1838 AV.

224 1871 296 1933 246.
320 1860 569 1933 ἀπολέσθαι·
590 1859 800 1950 Ἀρίσταρχος
819 1862 1082 1936 ἀπολεῖσθαι.
1106 1871 1148 1936 Α.

225 1971 296 2032 270.
320 1963 536 2054 βεβλήκει·
556 1960 768 2053 Ἀρίσταρχος
789 1967 1000 2057 βεβλήκοι.
1036 1972 1078 2040 Α.

225 2074 297 2136 290.
321 2070 355 2134 οί
375 2069 451 2154 περὶ
473 2066 667 2154 Ζηνόδοτον
688 2074 743 2139 καὶ
759 2066 982 2158 Ἀριστοφάνη
1003 2075 1125 2139 ἵππω.
1144 2074 1185 2138 A.

225 2175 297 2237 296.
321 2165 428 2248 οὕτως
447 2171 484 2236 ac
500 2165 717 2259 Ἀριστάρχου
733 2168 788 2240 διά
802 2177 865 2239 τοῦ
886 2198 908 2257 γ
929 2175 1189 2258 δεδεγμένος.
1205 2177 1248 2242 Α.

224 2277 296 2338 304.
323 2269 593 2358 Αἰσύμηθεν
618 2270 829 2360 Ἀρίσταρχος
853 2273 1119 2364 Αἰσύμηθεν,
1147 2276 1202 2342 καὶ
1228 2267 1249 2362 ἡ

142 2371 336 2460 Ζηνοδότου
358 2373 414 2438 καὶ
435 2367 746 2459 ἡἈριστοφάνους.

225 2480 298 2541 311.
317 2476 417 2558 διχῶς
440 2474 608 2562 τοῦμὲν
637 2473 791 2563 άμαρτε
812 2476 868 2543 καὶ
886 2471 974 2544 τόθ’
1001 2471 1168 2564 ἅμαρτε.
1206 2480 1248 2545 A.

142 2580 191 2646 Of.
215 2584 254 2646 H
272 2581 343 2644 186.

226 2684 311 2764 [325.
334 2671 443 2756 οὕτως
461 2678 562 2762 χωρὶς
584 2682 647 2746 τοῦ
668 2707 681 2746 ι
708 2674 922 2764 άποέργει.
943 2681 999 2757 V.]

224 2785 297 2848 337.
312 2773 522 2862 Ἕκτυρδ’
546 2779 831 2867 ἐνπρῶτοισι·
858 2777 1124 2867 αίἈριστάρχου
1151 2784 1251 2868 χωρίς

141 2887 202 2950 τοῦ
224 2907 245 2949 ν
256 2877 472 2965 Ἕκτωρδὲ
497 2878 717 2969 πρῶτοισι,
746 2884 801 2950 καὶ
824 2878 973 2969 ἔστιν,’
958 2908 976 2948 o
1000 2879 1064 2949 δὲ”
1059 2890 1176 2971 Ειιτορ
1196 2886 1250 2953 tut

141 2982 221 3065 τους
243 2981 398 3069 πρώτους
420 2977 525 3066 ῶρμα.
547 2985 588 3049 Α.
914 3027 916 3036 κ

227 3092 300 3153 349.
323 3079 355 3174 (ο
375 3082 566 3170 Ζηνοδοτος
587 3109 726 3171 γραφει
748 3079 1124 3172 Γόργονοςομματ’
1147 3089 1251 3172 ἔχων

139 3186 184 3275 ἠὲ
203 3190 490 3278 βροτολοιγοῦ
503 3182 659 3272 Ἀρηος.
682 3181 700 3254 ὁ
728 3182 925 3272 δὲ”Ομηρος
948 3188 1048 3272 χωρίς
1071 3194 1133 3256 τοῦ
1153 3215 1173 3255 ν
1195 3191 1252 3257 λέ-

140 3316 193 3377 γει
213 3293 266 3378 ετῇ
289 3283 322 3355 δ’
346 3288 400 3353 tot
426 3285 488 3373 μὲν
509 3289 641 3374 Γοργῶ’
671 3289 723 3374 (ΙΙ.
748 3295 777 3355 Α
796 3291 864 3377 36),
887 3281 932 3367 ῶς
952 3286 1095 3374 Σαπφῶ,
1119 3286 1171 3356 διδ
1196 3293 1251 3358 λέ-

140 3417 192 3478 γει
213 3393 366 3476 Γοργοάς
385 3389 430 3472 ῶς
452 3394 644 3480 Σαπφοῦς.)
667 3389 844 3480 Hucusque
865 3391 1082 3478 Aristonicus,
1109 3394 1165 3482 qui
1186 3394 1250 3458 for·

140 3505 228 3560 tasse
254 3517 328 3559 cum
348 3496 494 3585 Didymo
523 3496 652 3562 coaluit.
697 3492 828 3559 Abhinc
849 3493 1013 3582 Didymus
1039 3487 1250 3579 Ἀρίσταρχος

135 3594 178 3662 δέ
200 3591 323 3681 γράφει
345 3594 412 3664 σὺν
432 3603 477 3688 τῷ
498 3626 510 3665 ι
538 3590 673 3682 οίματ’
698 3596 811 3679 ἔχων.
841 3599 899 3660 καί
914 3609 997 3678 φασι
1013 3592 1102 3678 παρὰ
1118 3591 1180 3680 τὴν
1199 3591 1251 3661 oi-

142 3721 208 3782 μον
234 3703 454 3784 γεγενῆσθαι,
490 3695 548 3778 τάς
578 3693 680 3775 ὁδοὺς
712 3695 767 3762 καί
796 3692 836 3760 τά
858 3690 1040 3780 ὁρμήματά.
1082 3699 1119 3763 αί
1137 3697 1250 3782 μέντοι

141 3803 278 3876 πλείους
309 3804 378 3864 τῶν
411 3802 577 3884 δημωδῶν
612 3794 701 3882 εἶχον
730 3795 971 3885 Γοργοῦς”
952 3793 1098 3883 ομματ’
1134 3801 1249 3884 ἔχων,

143 3893 192 3978 ς
212 3899 439 3987 συλλαμβάνει
462 3898 573 3968 καί
539 3927 576 3969 το
599 3896 745 3984 άλλαχοῦ
767 3898 985 3985 λεγόμενον
988 3898 1080 3988 τῇδ’
1106 3900 1160 3964 ἐπί
1187 3901 1250 3984 μὲν

144 3997 262 4084 Γοργῶ
293 4006 536 4088 βλοσυρῶπις’·
566 3998 713 4088 χαλεπὸν
745 3993 810 4068 οὖν
843 4001 880 4068 τὸ
910 3995 1014 4086 σαφὲς
1045 4003 1160 4066 εἰπεῖν
1207 4001 1249 4066 A.

144 4103 322 4170 Duontner.
346 4104 469 4170 Zenod.
486 4129 519 4192 p.
535 4107 690 4171 terroris
706 4107 898 4171 manifestus
919 4113 978 4187 est,
997 4125 1017 4168 ο
1036 4100 1183 4187 D1dymo
1204 4111 1251 4168 to·

144 4204 393 4270 tumscholium
414 4227 486 4272 csse
508 4207 690 4294 profectum
712 4215 867 4271 statuens.

228 4309 299 4373 371.
323 4309 398 4374 372.
419 4308 627 4392 Aristonicus
647 4302 850 4374 άθετοῦνται
872 4302 941 4401 δύοι
958 4307 1062 4389 στίχοι
1084 4341 1127 4353 -
1148 4321 1250 4389 προσ-
