2894 4890
1159 383 1221 447 259

634 547 685 609 59.

193 661 292 750 Vesp.
314 664 376 726 804
401 663 492 750 (769)
516 664 606 746 είλη
629 657 715 726 κατ’
739 657 919 747 ὄρθρον·
938 703 980 713 --
997 661 1158 750 γράφεται
1181 665 1219 731 δὲ

106 761 163 826 καί
178 757 268 828 κατ’
286 757 425 854 ὀρθάν
436 763 473 826 ἐν
489 769 634 842 πολλοῖς.
655 764 710 829 καί
726 761 1219 851 ἐξηγούμενοςΚαλλίστρα-

104 861 173 940 τός
193 880 287 947 φησι,
310 859 394 928 κατὰ
414 858 452 928 τὸ
476 858 591 947 ὀρθῶς
615 867 709 949 ἔχον·
731 860 806 949 οάχλ
828 866 865 929 ἐν
884 871 931 955 τῷ
953 869 1153 955 δικαστηρίῳ
1173 871 1219 954 τῷ

104 961 138 1030 δ’
156 959 305 1049 ἡλιάσεις
326 966 413 1053 (εἰσ).
434 961 562 1050 μήποτε
584 967 620 1032 δὲ
643 971 750 1045 ψιλαῖς
771 968 1024 1056 προσενεκτίον,
1047 966 1137 1053 παρά
1157 966 1219 1054 τὴν

100 1061 264 1152 Ἡλιαίαν,
283 1061 369 1151 πρὸς
389 1062 487 1153 ἥλιον
507 1066 669 1135 δικάσειν.
691 1065 759 1153 άμα
781 1069 818 1135 δὲ
841 1074 946 1150 παίζει
969 1069 1057 1157 παρά
1078 1069 1141 1156 τὴν
1158 1074 1220 1137 τοῦ

104 1163 204 1251 ἡλίου
224 1165 420 1254 ὀνομασίαν.
451 1176 589 1255 ψυχρῶς
613 1169 650 1236 δὲ
673 1175 828 1257 πέπαιχε,
849 1173 953 1258 φησὶν
974 1168 992 1238 ὁ
1014 1175 1218 1258 Δίδυμος,

106 1267 191 1354 πρὸς
210 1265 371 1356 τοῦνομα.
408 1270 523 1358 ἐπειδὴ
546 1271 610 1358 γὰρ
633 1275 703 1357 εἵλη
723 1275 852 1358 λέγεται
875 1271 895 1360 ἡ
917 1279 979 1341 τοῦ
998 1270 1097 1360 ἡλίου
1119 1270 1218 1358 αὐγή,

99 1367 232 1439 Ἡλιαία
259 1369 296 1439 δὲ
318 1370 355 1438 τὸ
378 1372 613 1461 δικαστήριον,
648 1380 773 1455 παίζων
796 1381 900 1462 ἔφησε
923 1374 1006 1463 πρὸς
1028 1374 1218 1460 φιλόδικον,

106 1470 170 1560 ὅτι,
194 1473 332 1541 ἐπειδὰν
353 1472 481 1564 άνάσγη
504 1473 521 1542 ὁ
545 1474 657 1563 ἥλιος,
680 1473 826 1564 ἡλιάζειν
849 1480 977 1545 ἐνέσται
1003 1496 1064 1542 σοι.
1110 1472 1219 1556 οὕτως

106 1576 144 1642 δὲ
170 1579 204 1643 οί
219 1572 360 1644 Ἀττικοί
384 1578 441 1645 διά
461 1586 523 1646 τοῦ
547 1582 653 1664 ίείλην
679 1581 848 1664 λέγουσιν.
892 1578 980 1645 οὕτω
1014 1579 1218 1663 Δίδυμος.

105 1678 237 1744 Abhinc
253 1677 441 1765 Symmachi
461 1682 565 1746 verba
580 1684 744 1766 leguntur.
765 1677 845 1746 Ῥδιά
866 1682 929 1744 τοῦ
947 1700 976 1741 ει
998 1677 1052 1741 vel
1073 1681 1218 1755 ψιλοῦν-

104 1803 158 1858 τες
179 1781 298 1864 είληνλ

631 1873 681 1933 60.

197 1963 425 2071 19740033).
449 1995 535 2061 τοῖς
557 1979 770 2067 ἠπιάλοις·
787 2015 829 2028 -η
847 1980 1041 2064 Δίδυμος
1063 1982 1102 2046 δέ
1121 2000 1217 2066 φησι,

106 2089 248 2170 δαίμων,
266 2079 308 2150 δν
323 2079 487 2169 Ἠπιάλην
508 2087 563 2149 καὶ
589 2086 698 2161 Τίφην
717 2076 772 2142 καὶ
793 2073 935 2144 Εὐόπαν
958 2085 1132 2148 καλοῦσιν.
1164 2083 1216 2148 Cf.

104 2213 137 2276 p.
162 2193 212 2252 51.
236 2190 256 2250 2
279 2195 311 2252 et
328 2187 473 2252 Boeckh.
499 2184 585 2264 expl.
610 2179 705 2242 Pind.
728 2202 760 2264 p·
786 2183 858 2242 271.

631 2315 682 2376 61.

195 2447 274 2508 1699
308 2433 431 2522 (1058).
475 2428 574 2513 πρὶν
604 2434 750 2496 ταῦτα·
784 2427 825 2498 τά
857 2431 939 2514 πρὶν
971 2431 1216 2518 κατορθώματα

106 2543 266 2610 άπάλετο.
310 2526 503 2617 Δίδνμός
536 2551 656 2618 φησιν,
692 2527 737 2611 ὦς
755 2529 933 2622 παρῴδησε
954 2537 1059 2599 ταῦτα
1087 2536 1124 2599 ἐκ
1148 2538 1216 2599 τῶν

109 2639 350 2726 Τιμοκρέοντος
370 2638 432 2701 τοῦ
446 2629 576 2701 Ῥοδίον
599 2635 654 2724 (fr.
680 2643 698 2700 7
720 2659 752 2721 p.
776 2639 838 2700 942
860 2636 984 2720 Bergk.
1010 2638 1061 2700 ed.
1084 2638 1129 2723 2).

633 2793 684 2854 62.

190 2912 269 2974 1217
293 2909 418 2995 (1173).
464 2910 732 2988 Καρδοπίων·
768 2907 823 2972 καί
851 2911 951 2972 τοῦτο
979 2900 1064 2990 άρχι)
1085 2903 1214 2990 μύθου.

102 3014 309 3095 Δίδυμος·
343 3004 362 3074 ὁ
392 3011 597 3092 Καρδοπίων
626 3008 786 3094 ζητητέος.
821 3003 976 3092 οὐδαμοῦ
998 3009 1215 3097 κωμῳδεῖται.

101 3109 177 3179 ἀλλ’
191 3108 388 3197 Ἀγκυλίων,
411 3112 465 3177 ἐπὶ
480 3115 526 3201 τῷ
541 3107 603 3196 τὴν
619 3112 744 3197 μητέρα
764 3115 874 3189 κακῶς
889 3109 1087 3176 διατιθέναι.
1111 3113 1217 3176 λείπει

101 3215 139 3280 δὲ
160 3217 294 3293 ἔτυψεν.

138 3381 139 3384 ¹
632 3304 683 3365 63.

191 3423 271 3484 1349
294 3420 418 3506 (1306).
443 3408 873 3503 ἔοικαςοδπρεσβτξτα·
897 3412 1216 3498 Δίδνμόςφησιν,

102 3516 288 3603 ἀδιανόητα
309 3517 456 3586 σκώπτει
478 3520 640 3586 ἐνταῦθα.
663 3515 699 3585 τδ
724 3517 761 3585 δὲ
783 3517 881 3603 τρυγὶ
904 3512 949 3594 ὦς
967 3512 1053 3597 πρὸς
1071 3539 1217 3601 γεγηρα-

102 3620 186 3687 κότα
206 3619 305 3705 λε’γει.

634 3710 685 3771 64.

192 3826 272 3889 1428
297 3825 420 3912 (1379).
445 3829 507 3889 ίθι
529 3848 597 3907 μοι
620 3815 856 3906 παράστηθ’
880 3807 1105 3904 ἀντιβολῶ·
1130 3815 1217 3902 γυνη

103 3953 154 4007 τις
178 3923 366 4014 ὑβρισμένη
386 3922 454 3992 ὑπὸ
476 3931 537 3995 τοῦ
560 3927 717 4011 γέροντος
740 3927 844 3988 δείται
866 3925 929 3986 τοῦ
951 3924 1029 3986 υίοῦ
1050 3923 1218 4005 βοηθῆσαι

103 4027 199 4116 αὐτῇ.
248 4034 434 4114 Δίδυμος
456 4026 493 4094 δὲ
516 4024 704 4113 άρτόπωλις
725 4024 825 4109 λέγει.

638 4183 689 4245 65.

190 4301 323 4366 Thesm.
354 4303 391 4364 31
428 4299 462 4391 οί
485 4299 561 4383 περὶ
584 4292 801 4381 Ἀρίσταρχον
829 4291 884 4357 καὶ
913 4299 945 4356 Δ
947 4289 1080 4452 1ίηδυμό
1088 4316 1109 4355 ν
1136 4305 1220 4374 φασι

997 4396 1013 4437 ι
