2866 4882
233 365 294 428 354

234 531 366 613 πετρῶν
387 533 521 594 κεῖσθαι
543 535 576 594 et
598 526 699 592 schol.
721 527 818 592 Pind.
840 526 934 593 Nem.
958 525 994 590 II
1018 531 1067 590 19.
1092 526 1171 591 Vid.
1195 535 1230 591 et
1248 527 1348 592 schol.

234 631 313 694 Eur.
343 629 467 694 Phoen.
499 632 557 692 159
588 628 630 692 V.
683 629 835 693 Ceterum
869 629 904 691 in
936 627 998 691 hoc
1030 628 1113 692 libro
1142 627 1349 693 conficiendo

233 731 424 818 saepissime
447 729 587 815 quidem,
610 729 658 793 uti
678 751 737 815 par
758 739 816 812 est,
833 727 1008 814 aDidymo
1022 728 1192 793 consultos
1205 751 1283 792 esse
1298 729 1349 794 de·

232 852 389 912 cessores,
410 829 629 912 Polemonem,
652 831 793 917 inquam,
816 827 998 894 Diodorum
1024 828 1255 894 Callistratum
1281 832 1348 895 sive

108 999 109 1004 .
233 931 414 995 Meneclem
435 929 605 1016 probabile
623 938 686 1013 est,
718 933 777 996 sed
808 953 872 996 non
894 927 1025 994 infimae
1047 939 1145 994 notae
1168 931 1298 996 fontem
1320 933 1349 995 ei
1408 977 1410 982 -

234 1032 336 1095 fuisse
364 1033 512 1116 suspicor
538 1025 701 1114 ὁρισμούς
727 1036 786 1116 τῆς
805 1031 933 1105 πόλεως
956 1029 1105 1095 laudatos
1137 1054 1158 1095 a
1180 1032 1287 1097 schol.
1308 1033 1349 1097 ad

232 1133 335 1212 Arist.
355 1132 443 1196 Avv.
464 1136 526 1196 997
550 1133 654 1219 (998),
688 1134 715 1197 si
739 1134 870 1220 quidem
892 1131 954 1195 hoc
977 1130 1125 1195 scholion
1147 1156 1215 1197 non
1238 1136 1347 1220 potius

233 1256 253 1297 a
272 1234 467 1320 Symmacho
488 1231 682 1296 Atheniensi
712 1234 894 1320 profectum
925 1241 990 1315 est,
1024 1255 1121 1320 quam
1144 1254 1166 1296 a
1187 1234 1347 1322 Didymo.

231 1334 339 1398 Locus
361 1333 416 1398 ille
438 1355 545 1419 neque
563 1333 721 1397 Meierum
744 1334 829 1418 sugit
850 1335 892 1399 de
914 1333 1075 1419 Harpocr.
1097 1355 1129 1418 p.
1154 1339 1194 1400 63
1222 1359 1257 1400 n.
1277 1339 1348 1417 355,

231 1455 337 1520 neque
359 1433 541 1498 Prellerum
561 1434 601 1497 de
617 1432 740 1496 Polem.
763 1455 795 1518 p.
812 1436 880 1515 175,
901 1436 957 1519 qui
978 1445 1087 1499 tamen
1109 1431 1278 1520 ὁρισμούς
1292 1440 1349 1519 τῆς

231 1532 361 1611 πόλεως
382 1536 566 1619 suspicatur
587 1533 776 1597 columellas
794 1533 897 1598 fuisse
919 1537 1118 1620 terminales,
1141 1539 1176 1600 in
1192 1537 1348 1624 quasilla

231 1634 333 1701 verba
365 1633 528 1720 insculpta
557 1633 659 1697 luisse
691 1633 880 1716 videantur,
915 1658 998 1722 quae
1028 1637 1105 1702 inde
1137 1639 1368 1705 adnotaverit-

231 1758 343 1800 eorum
369 1733 505 1820 aliquis,
538 1735 594 1820 qui
622 1744 849 1819 composuerat
875 1735 1041 1801 Atthidas.
1080 1731 1266 1823 Ὁρισμούς
1293 1741 1349 1826 qui

230 1836 398 1921 scripserit
424 1839 553 1920 praete'r
581 1834 743 1899 Teucrum
765 1835 1031 1924 (Cyzicenum‘l),
1047 1840 1090 1903 ab
1113 1841 1290 1906 Athenaeo
1304 1841 1346 1906 ,X

228 1961 262 2024 p.
286 1941 347 2000 455
368 1935 533 2000 laudatum
540 1983 549 2016 ,
581 1935 706 1999 nullum
729 1937 880 2023 equidem
898 1942 977 2003 novi
997 1943 1205 2027 scriptorem,
1239 1965 1346 2030 neque

230 2037 349 2102 Teucri
383 2058 463 2122 opus
490 2036 602 2100 versui
629 2036 821 2100 adstrictum
849 2038 1141 2127 chorographicum
1173 2065 1347 2128 argumen-

228 2150 297 2205 tum
319 2145 526 2225 persecutum
548 2159 620 2200 esse
641 2137 782 2202 videtur.
806 2139 939 2224 Tamen,
963 2142 993 2204 si
1014 2142 1094 2228 quid
1115 2143 1225 2226 video,
1249 2137 1346 2227 ὁρισ-

228 2241 285 2327 μοὶ
307 2264 334 2306 τ.
358 2262 391 2304 π.
414 2239 546 2302 minime
566 2237 759 2302 columellae
781 2240 927 2324 fuerunt,
952 2243 1012 2306 sed
1034 2243 1117 2308 liber
1137 2244 1259 2331 aliquis
1282 2246 1346 2309 for-

227 2353 315 2408 tasse
341 2361 474 2406 suasore
503 2348 535 2402 et
556 2347 687 2403 auctore
715 2341 910 2426 imperatore
936 2344 1045 2430 aliquo
1068 2346 1216 2411 Romano
1245 2347 1346 2412 Athe·

229 2467 345 2508 narum
366 2441 589 2505 amantissimo
612 2442 830 2526 conscriptus,
857 2445 949 2508 cuius
968 2456 1138 2531 parentem
1159 2449 1268 2534 ipsum
1289 2448 1346 2510 Di-

229 2547 363 2632 dymum
392 2541 590 2624 divinarem,
624 2543 653 2604 si
681 2541 797 2606 scholii
824 2554 937 2608 auctor
958 2547 1139 2632 proverbe
1161 2548 1346 2631 γέγραπται

228 2645 389 2715 vocabulo
418 2647 564 2724 εἴρηται,
593 2642 680 2728 quod
709 2643 853 2708 solemne
881 2655 930 2710 est
957 2650 1099 2712 auctoris
1121 2648 1277 2714 lectorem
1302 2650 1344 2713 ad

229 2748 436 2834 aliudJsuum
457 2743 613 2827 scriptum
636 2746 850 2828 amandantis,
873 2721 953 2812 usim
976 2760 1071 2814 esset.
1095 2751 1149 2832 At,
1171 2773 1246 2815 eum
1268 2773 1344 2815 nus-

174 2857 177 2862 '
227 2872 325 2944 quam
357 2845 521 2934 proditum
552 2866 624 2907 esse
654 2845 801 2930 legamus
835 2852 1081 2932 grammaticum
1112 2859 1259 2915 nostrum
1288 2849 1347 2929 τὰς

228 2951 370 3037 λιπαρὰς
400 2954 454 3022 καὶ
483 2939 635 3028 ἀοιδίμας
654 2940 799 3029 Ἀθήνας
819 2949 958 3032 adiisse,
986 2954 1118 3026 omnino
1143 2953 1239 3017 nobis
1263 2956 1345 3018 inte-

228 3063 323 3123 grum
345 3062 410 3105 non
433 3054 497 3125 est,
520 3055 556 3109 ut
578 3048 612 3109 in
634 3047 695 3112 hac
716 3070 832 3112 caussa
855 3049 987 3116 scholiis
1008 3051 1198 3139 Sophocleis
1217 3055 1344 3120 Aristo·

227 3139 429 3227 phaneisque
461 3146 501 3208 iis
535 3145 723 3230 abutamur,
767 3152 801 3213 in
833 3152 952 3236 quibus
985 3154 1189 3219 Athenarum
1222 3159 1343 3220 mentio

229 3241 349 3305 iniecta
380 3244 438 3326 sit,
467 3248 643 3344 praecipue
677 3271 749 3314 enm
783 3261 814 3316 et
848 3251 1077 3338 Symmachum
1112 3257 1342 3343 Aristophanis

227 3343 437 3427 interpretem
464 3345 603 3410 Athenis
641 3350 814 3415 oriundum
844 3354 945 3420 fuisse
979 3380 997 3420 e
1030 3358 1131 3422 schol.
1165 3359 1224 3422 Ar.
1259 3361 1342 3425 Ach.

234 3447 289 3506 145
331 3454 457 3512 constet
496 3446 554 3534 (Ο.
602 3449 791 3516 Schneider.
830 3477 862 3540 p.
897 3458 957 3543 81)
999 3469 1030 3524 et
1068 3461 1163 3524 Pium
1203 3460 1341 3526 alterum

228 3542 425 3610 scholiorum
445 3549 742 3616 Laurentianorum
762 3555 886 3620 fontem
918 3559 1047 3644 (Ritter.
1072 3560 1206 3647 Didym.
1231 3585 1341 3649 opusc.

226 3665 259 3729 p.
280 3646 319 3707 37
342 3645 454 3713 Wolff.
477 3673 509 3735 p.
535 3653 574 3714 24
605 3649 774 3738 Suringar.
799 3657 874 3721 hist.
904 3657 1069 3723 scholiast.
1098 3659 1137 3724 T.
1161 3663 1195 3725 lI
1224 3686 1257 3748 p.
1281 3667 1341 3727 242

229 3743 368 3810 Teuber.
394 3747 434 3811 de
457 3751 572 3815 Servio
593 3752 761 3819 Honorato
777 3779 809 3843 p.
827 3761 863 3820 51
888 3759 951 3824 Iul.
970 3761 1116 3826 Richter.
1133 3764 1173 3828 de
1189 3763 1340 3852 Sophocl.

229 3851 290 3908 etc.
314 3847 448 3933 interpr.
471 3874 503 3936 p.
528 3853 568 3914 82
592 3852 704 3918 Wolff.
729 3856 881 3942 Prolegg.
906 3884 938 3947 p.
958 3861 1106 3948 OOLIV)
1135 3865 1254 3930 multas
1278 3877 1341 3931 stn-

229 3945 357 4010 diorum
376 3952 484 4032 gratia
505 3957 784 4040 peregrinationes
805 3963 989 4046 suscepisse
1007 3973 1207 4049 compertum
1224 3968 1341 4032 habea·

221 4066 300 4208 ,paup
327 4050 472 4234 e]⁵⁰h⁰l'
504 4054 600 4120 Hom.
631 4055 751 4142 Odpms.
781 4060 801 4122 d
824 4063 887 4124 356
918 4070 944 4128 θ
973 4066 1034 4127 372
1066 4064 1199 4150 [21165
1226 4090 1259 4152 p.
1282 4071 1340 4132 124

251 4166 271 4207 u
301 4169 342 4210 m.

672 4253 881 4265 ———
