2866 4882
678 529 709 594 2.

226 647 334 714 Schol.
350 646 447 712 Hom.
464 650 494 711 Α
509 649 569 711 160
587 640 713 712 κείν’·
737 643 825 728 λέγει
848 638 865 708 ὁ
888 641 1041 728 τεχνικὸς
1059 647 1099 711 έν
1121 651 1170 735 τῷ
1196 649 1266 735 (ex-

140 750 263 817 cidisse
284 749 417 814 videtur
434 771 466 832 α,
487 747 530 812 cf.
547 751 577 812 P
589 748 665 836 201)
689 740 904 832 ὑπομνήματι
922 750 985 812 τοῦ
1000 748 1096 829 περὶ
1115 753 1269 815 παθῶν

138 839 348 936 Διδάμουῖ
388 844 428 915 τά
454 843 599 928 ὀξύτσνα
622 841 722 932 ἡνίκα
743 847 939 933 έκθλίβηται
960 846 1022 934 τήν
1045 843 1264 935 ὀξυνομένην

139 948 312 1038 συλλαβήν
336 949 391 1017 καί
409 947 470 1016 ἐὰν
499 939 521 1038 ᾖ
546 943 567 1034 ἡ
595 951 789 1034 έκθλιβείσα
817 945 969 1035 συλλαβή
994 947 1015 1035 ή
1040 951 1168 1035 ἔχουσα
1198 946 1262 1034 τήν

139 1049 251 1134 ὀξεῖαν
272 1056 427 1139 βραχεῖα,
449 1044 470 1136 ή
492 1051 529 1116 δὲ
551 1044 659 1117 ὀπίσω
680 1047 832 1135 συλλαβή
855 1044 957 1134 φύσει
978 1049 1108 1135 μακρά,
1131 1054 1183 1139 τῷ
1202 1076 1259 1116 το-

138 1159 223 1248 νικρῖ
245 1154 493 1240 παραγγέλματι
516 1153 663 1235 γίγνεται
687 1146 955 1236 περισπώμενον.
999 1155 1150 1238 περισπᾷ
1171 1155 1257 1234 γοῦν

137 1256 175 1326 τὸ
199 1259 304 1343 δῆλον
327 1256 451 1344 (Heyn.
472 1253 582 1338 δείλ’).
604 1252 642 1318 έν
663 1253 701 1319 δὲ
722 1257 763 1340 τή
779 1247 941 1342 Ὁμηρικῇ
962 1254 1136 1340 προσῳδίᾳ
1153 1252 1256 1318 έναν-

138 1362 268 1425 τιοῦται
290 1353 410 1446 τούτῳ.
586 1398 588 1402 .

679 1461 709 1521 3·
791 1455 793 1462 ,

224 1577 332 1644 Schol.
355 1581 385 1642 P
404 1578 463 1642 201
490 1580 579 1660 ζητεῖ
598 1569 617 1642 ὁ
636 1567 843 1660 Ἡρῳδιανός
866 1572 902 1637 έν
924 1576 971 1660 τῷ
992 1597 1014 1638 α
1037 1567 1259 1658 ὑπομνήματι

138 1684 201 1746 τοῦ
223 1678 301 1762 περὶ
320 1681 442 1743 παθῶν
456 1673 652 1761 Διδύμου
674 1674 833 1760 περὶτοῦ
857 1662 879 1738 ἆ
900 1668 1012 1758 δείλ’,
1033 1677 1105 1752 παῖς
1123 1676 1181 1740 δεῖ
1199 1698 1258 1740 το-

139 1782 241 1858 νίξειν
264 1773 365 1863 αὐτό,
396 1781 453 1844 καί
473 1795 574 1863 φησι·
594 1774 682 1845 πολδ
706 1777 744 1844 δέ
764 1771 930 1860 πρότερον
952 1770 1043 1859 παρὰ
1065 1778 1113 1863 τῷ
1133 1779 1258 1863 ποιητῇ

139 1881 210 1948 έστι
228 1876 265 1946 τὸ
288 1883 347 1963 τῆς
362 1874 603 1963 άναγνοίσεως·
628 1868 663 1946 εά
679 1873 765 1945 δείλ’
781 1872 863 1943 οὐδέ
878 1880 912 1943 τί
927 1899 978 1942 τοι
989 1873 1166 1962 θάνατος’,
1186 1867 1260 1962 ή“ά

139 1977 222 2048 δείλ’
253 1976 366 2048 otras
387 2003 439 2047 τοι
461 1977 641 2060 θάνατος’.
681 1976 719 2047 τὸ
740 1977 805 2066 γάρ
828 1978 951 2061 πλῆρές
981 1977 1072 2043 ἐστιν
1100 1967 1121 2043 ά
1152 1981 1255 2045 δειλέ.

140 2079 182 2150 οὐ
202 2079 277 2167 γάρ,
303 2075 348 2160 ὡς
375 2081 409 2146 οί
426 2079 684 2167 ἐξηγησάμενοι,
706 2085 768 2149 τοῦ
789 2082 912 2146 δείλαιε
932 2073 1097 2162 ἀποκοπή.
1121 2078 1161 2145 έν
1183 2080 1256 2146 ἑτέ-

140 2209 212 2268 ροις
240 2179 305 2268 γάρ
334 2176 435 2260 αὐτὸς
460 2183 549 2266 λέγει
577 2170 619 2247 εά
642 2177 759 2266 δειλοί,
791 2185 825 2247 τί
842 2205 887 2247 νυ
911 2177 1020 2264 δάκρυ
1041 2169 1258 2266 κατείβετον’

141 2286 182 2374 (ψ
204 2286 259 2374 86)
282 2284 543 2370 περιγέγραπται
567 2272 631 2350 οὖν
653 2279 679 2367 ἡ
697 2277 797 2368 ὀξεῖα,
820 2277 889 2348 εἶτα
910 2280 965 2346 καὶ
987 2275 1178 2361 άνάπαυσις
1200 2286 1259 2368 γέ-

140 2409 242 2472 γονεν
268 2384 334 2450 κτὲ.
381 2386 433 2451 Of.
463 2391 494 2450 A
517 2391 575 2450 441
587 2436 596 2469 ,
630 2385 718 2450 unde
740 2385 896 2450 discimus
915 2382 1144 2448 Aristarchum
1167 2387 1262 2453 δειλέ

141 2488 312 2574 scripsisse
334 2485 370 2551 έκ
392 2482 551 2570 πλήρους.

224 2589 373 2676 Apparet
390 2587 467 2651 hinc
487 2587 677 2676 Didymum‚
697 2596 734 2651 ut
754 2590 810 2674 qui
830 2593 987 2650 statueret
1007 2581 1090 2651 δειλ’
1108 2609 1258 2676 apocope

139 2698 252 2755 natum
275 2711 347 2754 esse
369 2712 387 2754 e
410 2690 544 2773 istiuas,
568 2689 729 2778 syllabam
744 2675 989 2753 circumflexam
1006 2692 1257 2774 pronunciasse.

140 2791 193 2856 Of.
217 2789 333 2856 March.
355 2812 405 2876 gr.
429 2791 487 2856 Gr.
509 2791 527 2856 Ι
547 2814 580 2878 p.
600 2793 641 2855 86
663 2793 695 2872 ᾗ.
718 2793 770 2854 30.
1221 2877 1224 2882 Ι

224 2891 279 2957 Ex
310 2891 372 2956 hoc
405 2891 481 2974 περὶ
513 2895 636 2956 παθῶν
666 2912 765 2978 opere
792 2889 880 2980 haud
913 2893 981 2956 seio
1009 2914 1052 2956 an
1076 2893 1260 2978 profecerit

139 2981 349 3058 Herodianus
376 3015 428 3081 ap.
451 3002 493 3058 et.
516 3015 559 3057 m.
586 2993 655 3075 148,
679 2993 697 3055 8
731 2984 1008 3076 ἁρπεδόεσσα·
1041 2986 1174 3077 ήάγαν
1195 3017 1259 3061 πε-

140 3089 217 3175 δινή
236 3094 298 3179 (sic
310 3091 563 3159 Schleussnerus
577 3093 619 3158 ad
631 3101 673 3158 et.
685 3092 772 3158 (iud.
786 3093 862 3181 762)
880 3090 963 3158 κατά
974 3091 1151 3179 συγκοπήν
1164 3093 1258 3180 παρά

139 3189 177 3260 τὸ
201 3216 258 3277 αρι
278 3195 491 3278 συγκειμένη.
513 3194 664 3260 πέπονθε
687 3195 734 3280 δέ,
756 3196 812 3259 ίνα
836 3195 951 3282 (vulgo
973 3195 1029 3260 ίνα
1051 3192 1112 3281 μή)
1132 3203 1258 3282 σημαί-

140 3315 238 3374 νηται
265 3285 396 3376 ήάγαν
422 3288 529 3378 ὁμαλή
558 3289 647 3371 ὁδός.
683 3292 768 3360 ὁδοῦ
789 3291 855 3379 γάρ
879 3294 969 3361 ἐστιν
992 3295 1162 3362 ἐπίδετον.
1196 3299 1258 3364 πί-

140 3400 251 3458 πονθε
281 3392 317 3460 δὲ
348 3387 471 3478 ὁμοίως
496 3398 543 3482 τῷ
571 3391 711 3478 έρθάρις
742 3399 927 3481 Αίολικοῖς,
958 3395 1112 3482 έριθυρίς
1142 3392 1208 3483 γάρ
1234 3394 1256 3484 ἡ

139 3492 266 3578 μεγάλη
281 3499 393 3581 θυρίς.
418 3491 526 3574 οὕτως
539 3491 757 3583 Ἡρῳδιανός,
780 3497 835 3562 καλ
850 3499 1053 3583 Δίδυμος,
1077 3494 1130 3565 ὅτι
1148 3495 1257 3584 άρπε-

138 3597 213 3681 δες,
245 3585 288 3662 οὖ
308 3596 471 3682 μέμνηται
493 3600 687 3683 Νίκανδρος
709 3598 746 3663 έν
767 3605 944 3684 δηριακοῑς
973 3601 1019 3687 (v.
1039 3600 1116 3680 420)
1149 3599 1256 3686 *κάρη

138 3720 176 3781 γε
200 3693 262 3782 μὲν
288 3693 432 3783 άρπεδες
456 3694 599 3778 οὕτως’·
623 3740 666 3754 —-
689 3695 765 3767 ἀλλ’
789 3695 806 3766 ὁ
826 3702 1020 3784 Νίκανδρος
1041 3695 1115 3766 ἀντὶ
1137 3699 1256 3768 έπιτά-

139 3815 224 3877 σεως
246 3796 352 3884 μόνης
371 3801 465 3865 δοκεῖ
480 3796 543 3886 τήν
564 3803 654 3880 λέξιν
677 3800 963 3888 παραλαμβάνειν.
1125 3879 1127 3883 ¹

223 3901 378 3965 Fortasse
417 3903 538 3967 rectius
571 3903 700 3970 sublata
729 3905 962 3992 punctuatione
992 3903 1112 3988 legitur
1146 3898 1256 3982 οὕτως

132 3991 340 4091 Ἡρῳδιανός
361 3999 417 4067 καὶ
437 4005 590 4088 Δίδυμος
609 4005 642 4070 h.
666 4028 694 4071 e.
710 4005 886 4110 Didymus,
909 4005 962 4070 cui
980 4003 1140 4070 calculum
1161 4005 1255 4071 addit

134 4207 303 4259 Lobsckium
322 4210 404 4260 stiam
428 4199 521 4276 άορτο
541 4211 577 4262 ad
594 4206 666 4276 αίρυ
686 4202 773 4278 άείρτο
791 4211 893 4264 referre
911 4213 940 4262 in
957 4212 1073 4264 rhsmat.
1091 4229 1119 4278 p.
1138 4214 1200 4268 224.
1220 4240 1253 4254 -

133 4293 201 4350 uoci
218 4307 273 4350 nou
286 4294 425 4353 immemor
443 4300 502 4354 erat
520 4296 652 4356 Ritsohel,
672 4297 706 4357 ds
726 4298 781 4356 Oro
800 4303 826 4370 ρ.
847 4300 882 4349 24
899 4315 927 4372 p.
940 4297 983 4352 60.
997 4299 1041 4358 61.
