2866 4882
1156 373 1218 438 323

104 550 236 615 onerat,
257 533 362 615 δῆλον
384 527 437 597 ὅτι
459 533 521 598 τοῦ
542 531 735 598 Μιλτιάδου
755 533 878 616 γένους
898 529 1015 612 ὅντως.
1044 537 1138 616 ξένος
1154 536 1218 623 γάρ

104 627 218 708 οὐδεὶς
241 630 312 698 ἐκεῖ
329 633 503 700 θάπτεται.
534 634 590 698 καὶ
607 635 770 718 Πολέμων
791 634 828 698 δὲ
848 635 886 700 ἐν
907 641 953 722 τῷ
973 638 1049 722 περὶ
1069 634 1218 724 ἀκροπό-

104 739 189 811 λεώς
210 730 342 812 τούτοις
362 745 535 819 μαρτυρεῖ.
568 735 654 802 ἔνθα
677 734 732 800 καὶ
758 733 929 820 Τιμόθεον
949 734 1028 804 υἱόν
1044 734 1139 827 αὐτῷ
1159 765 1218 823 γε

103 839 269 920 γενῆσθαι
291 847 515 920 προσιστορει.
1016 899 1017 904 ,

188 937 245 1002 sio
269 937 375 1002 locum
397 937 528 1024 scripsit
550 938 713 1022 Ritterus‚
733 939 790 1024 qui
812 941 910 1002 etiam
931 911 1061 1004 uncinis
1080 942 1217 1007 eircum-

104 1039 247 1126 seripsit.
270 1039 339 1104 Alii
362 1039 436 1104 aliis
459 1039 594 1104 medelis
618 1061 691 1102 eum
712 1061 829 1108 sanare
849 1042 958 1104 eonati
971 1049 1056 1123 sunt,
1079 1061 1216 1127 quorum

84 1141 308 1204 ‘coniecturas
324 1139 457 1224 collegit
471 1134 821 1204 westermannuaff‘
800 1163 853 1205 οτι
865 1135 1017 1225 ”ολορος,
1041 1135 1104 1206 οὐκ
1114 1136 1216 1225 ’Ὀρο-

104 1246 163 1318 λος
180 1242 361 1307 Grauertus
382 1265 414 1329 p.
430 1243 499 1325 178,
521 1237 571 1306 ότι
590 1235 714 1324 όρολος
735 1249 768 1305 st
786 1240 873 1306 infra
894 1236 1015 1323 ὅρολος
1038 1251 1069 1307 et
1089 1236 1216 1325 όρόλον

105 1341 186 1426 ΡΟ,
209 1343 252 1408 ef.
276 1343 439 1430 Sauppius
462 1343 497 1406 in
519 1343 594 1408 Aet.
618 1363 684 1406 soe.
707 1363 757 1426 gr.
781 1343 800 1404 2
823 1365 855 1430 p.
877 1346 951 1408 429.
995 1344 1105 1408 Minus
1127 1353 1215 1409 reete

104 1444 270 1509 Prellerus
289 1443 411 1509 Polam.
428 1443 470 1508 fr.
482 1468 515 1531 p.
531 1447 572 1508 39
594 1441 762 1528 vulgatam
782 1444 963 1510 defendens
978 1445 1128 1510 lacunam
1143 1467 1216 1510 esse

105 1545 218 1610 statuit
241 1554 315 1632 post
337 1551 356 1610 λ
380 1544 428 1609 sie
452 1544 649 1632 explendam
670 1539 735 1608 οὐκ
748 1537 906 1628 Ὄλορος,
925 1567 1002 1608 nam
1023 1569 1138 1610 verum
1159 1568 1215 1610 no·
1243 1586 1245 1591 ·

104 1667 180 1710 men
201 1640 425 1730 θεεοὍλορος
446 1646 541 1711 docet
572 1647 670 1710 etiam
691 1647 861 1733 inscriptio
879 1646 1020 1712 Athenis
1041 1668 1145 1734 nuper
1166 1669 1215 1711 re-

104 1755 206 1832 perta.
230 1747 307 1812 Vid.
329 1747 438 1812 Walz.
463 1747 507 1811 ad
535 1747 633 1812 Paus.
664 1746 753 1830 123,
777 1750 828 1835 9·'.
850 1741 1063 1830 -Ἡρώδου
1093 1748 1215 1811 Οοταοε

104 1848 148 1912 sd
169 1847 256 1912 Plut.
285 1848 368 1914 Cim.
392 1854 429 1931 4,
454 1849 541 1936 quod
563 1848 785 1935 probaverunt
806 1846 1002 1914 Schaeferus
1025 1847 1215 1934 Kruegerus

104 1949 261 2014 Ritterue.
305 1950 449 2036 Vulgata
469 1950 565 2016 lectio
583 1944 768 2034 Ἡροδότου
791 1957 850 2032 est,
892 1943 1030 2035 Ὀλόρου
1052 1949 1215 2037 Sauppius

105 2049 126 2114 l.
147 2049 169 2114 l.
192 2074 224 2137 p.
248 2054 310 2115 430
340 2051 610 2118 Weetermannus
631 2050 737 2136 biogr
766 2073 798 2137 p.
824 2052 894 2115 189.
917 2089 959 2100 «-
981 2043 1215 2134 *εὑρίσκονται

106 2159 138 2214 et
157 2144 253 2228 ὄντες
267 2149 400 2220 Iaeebs.
430 2152 473 2217 ad
494 2151 628 2216 Anthol.
656 2151 726 2216 Pal.
751 2156 823 2237 3p.
846 2153 908 2214 922
937 2159 1034 2238 atque
1056 2150 1130 2232 alii,
1156 2143 1215 2212 εὑ-

107 2252 254 2332 ρίσκεται
279 2263 311 2318 et
333 2248 430 2330 ὄντος
451 2246 580 2336 libri,'‘
560 2275 667 2328 οντυς
688 2245 850 2336 vulg0,”
822 2275 872 2316 ων
892 2245 1058 2338 Popp0,''
1038 2273 1144 2326 ουτως
1167 2244 1216 2312 ών

107 2351 317 2419 Grauertus)
328 2393 372 2405 —-
386 2353 469 2417 Mihi
487 2353 663 2438 legendum
679 2347 838 2418 videtur''
833 2343 997 2438 ορολος“
983 2376 1001 2417 ο
1024 2345 1131 2435 πατὴρ
1151 2344 1216 2413 αὐ-

106 2456 168 2518 τοῦ
189 2455 347 2533 ἔψευσται
369 2454 423 2520 vel
442 2451 658 2538 ἐσχεδίασται,
682 2449 836 2519 deinde‘'
817 2478 867 2519 οτι
884 2451 947 2539 γάρ
954 2449 1096 2536 Ὅλορός
1107 2453 1215 2572 ἐστιγ,

107 2563 140 2618 et
158 2549 299 2639 Ὀλόρου
313 2551 536 2640 Ἁλιμούσιος.
567 2556 658 2620 Inter
675 2549 887 2639 Ἀλιμούσιος
906 2563 1035 2622 verost
1052 2549 1215 2636 κρόςγάρ

107 2658 271 2730 excidisse
286 2659 440 2724 videntur
460 2658 564 2724 verba
577 2678 676 2743 supra
690 2661 721 2737 ξ.
737 2661 774 2722 14
786 2657 921 2722 reiieula
939 2657 1013 2721 visa
1024 2655 1079 2719 aul
1094 2651 1216 2738 τεκμή-

106 2780 182 2839 ριον
210 2757 366 2842 μέγιστον
395 2762 578 2842 νομίζουσι.
622 2759 687 2828 Pro
705 2751 860 2840 Ἡρώδου
882 2779 900 2821 e
921 2756 1057 2841 vulgata
1077 2756 1216 2822 lectione

82 2851 287 2943 Ἡροδότου
317 2861 411 2926 οΙίοἰο
440 2855 539 2944 ἠρίον
563 2854 715 2943 Ὀρόλου.
752 2853 882 2957 ι”Οντος
915 2857 1038 2922 codicis
1072 2865 1105 2933 et
1136 2854 1217 2922 Aldi

105 2959 277 3027 lectionem
297 2962 496 3028 retinuerim.
645 3048 663 3108 3

191 3163 373 3230 Marcellin.
396 3168 428 3245 ξ.
452 3166 492 3230 32
523 3165 713 3246 Δίδυμος
740 3153 772 3226 δ’
801 3159 839 3224 ἐν
862 3152 1036 3241 Ἀθήναις,
1060 3149 1217 3240 άτότῆς

107 3288 219 3350 φυγης
251 3259 395 3332 ἐλθόντα
428 3266 526 3351 βιαία
554 3260 702 3352 θανάτῳ.
740 3263 841 3328 τοῦτο
875 3259 915 3324 δέ
941 3274 1024 3342 φησι
1046 3255 1216 3352 Ζώτνρσν

102 3366 261 3451 νόστορειν.
287 3361 367 3444 τούς
388 3361 453 3449 γάρ
464 3359 665 3448 Ἀθηναίους
687 3361 840 3444 κάθοδον
858 3358 1041 3426 δεδωκέναι
1059 3370 1128 3448 τοῖς
1147 3383 1217 3442 φυ-

105 3466 184 3551 γάσι
213 3464 302 3551 πλὴν
333 3469 402 3532 τών
434 3453 722 3588 Πεισιστρατιδῶν
755 3459 837 3549 μετά
869 3456 933 3546 τὴν
962 3449 1065 3543 ἦττον
1091 3458 1154 3542 τὴν
1179 3459 1217 3524 ἐν

105 3572 261 3656 Σικελιᾳ·
286 3564 412 3653 ἥκοντα
435 3555 501 3634 οὖν
523 3562 629 3634 αὐτὸν
651 3561 841 3632 άτιοθανειν
862 3565 919 3648 βίᾳ
885 3559 997 3628 cnut
1019 3563 1160 3644 τεθῆναι
1178 3559 1216 3624 ἐν

107 3682 175 3748 τοῖς
193 3635 377 3755 Κόμυνίοις
394 3666 574 3755 μνήμασιν.
593 3667 658 3732 καὶ
676 3661 941 3752 καταγινώσκειν
955 3663 1021 3744 ἔφη
1033 3663 1104 3726 τών
1118 3682 1217 3742 νομι-

107 3768 233 3860 ζόνττον
265 3767 372 3836 αὐτόν
401 3766 496 3854 ἐκτός
520 3768 584 3854 μὲν
613 3767 900 3852 τετελευτηκέναι,
934 3762 988 3830 ἐπὶ
1012 3764 1074 3844 γῆς
1102 3757 1139 3824 δὲ
1159 3761 1218 3840 τῆς

104 3865 252 3956 Ἀττικῆς
279 3868 463 3954 τεθάφθαι.
505 3863 614 3954 ἣγάρ
635 3862 699 3934 οὐκ
721 3860 764 3932 άν
787 3865 925 3952 ἐτέθηέ
926 3889 946 3929 ν
966 3873 1034 3938 τοῖς
1053 3856 1218 3948 πατρώοις

106 3969 277 4057 μνημασιν
297 3997 317 4056 η
303 3967 483 4064 ἰκλὲβδην
500 3963 668 4048 τεθεὶς’
629 3992 693 4034 ουκ
712 3962 755 4032 άυ
771 3969 887 4050 ἔτυχεν
906 3959 985 4031 οὔτε
1000 3960 1122 4045 στήλης
1140 3953 1219 4025 οὔτε

105 4067 425 4192 ἐπιγράμματος,“
403 4098 424 4156 η
459 4076 505 4160 τώ
531 4068 628 4159 τάφῳ
656 4067 880 4154 προσκειμένῃ
908 4067 970 4130 τοῦ
998 4059 1219 4146 συγγραφέως

105 4172 228 4258 μηνύει
246 4197 408 4257 τουνομα.
440 4167 526 4238 άλλόι
550 4167 692 4254 sitast
673 4193 725 4236 οτι
744 4167 893 4243 κάθοδος
913 4162 1018 4248 ἐδόθη
1038 4173 1109 4239 τοῖς
1130 4156 1217 4245 φεό-

105 4293 238 4358 γονσιν,
262 4271 308 4352 ώς
328 4273 384 4340 καὶ
402 4270 587 4356 Φιλόχορος
606 4273 695 4354 λέγει
716 4269 772 4336 καὶ
790 4265 1010 4426 Arpprprpp
1005 4265 1042 4330 ἐν
1065 4273 1134 4339 τοῖς
1154 4259 1218 4344 ἅρ
