2812 4868
193 365 234 428 36

194 524 289 594 εἶναι.
324 522 377 593 at
400 526 455 592 καὶ
475 525 530 592 ἐπὶ
549 523 671 609 ταύτης
693 527 840 610 λέγεται·
881 529 978 604 Ναῦς
999 525 1038 592 δέ
1057 549 1107 602 τις
1129 518 1307 606 όκυκόρος

193 633 324 714 Σαμία,
355 623 414 706 ὑός
440 621 529 703 εἶδος
550 628 682 708 ἔχουσα.
726 627 847 694 Glossa
868 630 1010 715 pertinet
1032 628 1075 693 ad
1098 627 1225 693 Cratini
1246 627 1307 691 Ar-

194 733 369 799 chilochos.
416 730 468 796 Cf.
494 730 594 796 schol.
618 731 775 807 Ar.,Pac.
804 735 861 798 143
871 734 894 814 ¹)
918 740 951 798 et
965 731 1067 796 'Phct
1091 733 1228 814 498,10,
1250 729 1307 794 ubi

193 858 252 922 pro
283 831 516 917 μίυνάωναυσὶ
546 833 722 920 legendum
748 833 879 900 videtur
899 837 1050 918 Σίμωνα.
1075 827 1143 898 ὑσὶ.
1180 832 1307 899 Nomen

194 939 312 1020 Σίμων
342 935 482 999 similem
506 934 773 1020 depravationem
805 957 998 1022 perpessum
1030 944 1080 1000 est
1108 957 1160 1022 ap.
1195 933 1307 1000 Tacts.

195 1037 279 1101 Chil.
308 1036 375 1100 VH
396 1038 465 1119 123,
488 1037 542 1099 cui
562 1059 621 1123 pro
645 1032 774 1118 Μιμοόν
802 1059 916 1101 verum
939 1033 1059 1121 Σιμάυ
1080 1036 1225 1100 restituit
1245 1034 1309 1100 Lo·

193 1138 289 1204 beck.
310 1137 474 1224 Aglaoph.
501 1138 536 1202 ΙΙ
560 1143 650 1204 1199.
673 1178 717 1188 ·-
738 1139 793 1203 An
817 1136 1041 1228 Ιἐιτισκάατων
1066 1134 1109 1202 τό
1133 1142 1307 1221 σίμωμα.

195 1234 292 1304 dol?
317 1238 494 1326 Compares
516 1239 641 1325 Bergk.
667 1241 707 1306 de
730 1240 801 1306 rell.
825 1263 906 1306 com.
929 1241 999 1304 Att.
1020 1261 1053 1325 p.
1071 1240 1121 1322 28,
1138 1240 1177 1302 29
1199 1236 1308 1301 Naek.

194 1341 311 1408 Choer.
337 1363 369 1426 p.
393 1343 451 1405 158
479 1342 604 1408 Comen
632 1344 675 1408 ad
697 1344 782 1408 Plut.
812 1342 930 1408 Periel.
953 1341 1073 1407 XXVI
1100 1366 1132 1429 p.
1157 1341 1306 1428 187,188

195 1444 247 1522 ed.
271 1445 349 1506 min.
365 1443 490 1508 Sinten.
504 1443 544 1508 R.
560 1443 732 1510 Stiehlium
754 1445 795 1510 de
808 1444 996 1531 Lysimaoh.
1024 1445 1059 1508 in
1075 1442 1195 1508 Philol.
1219 1441 1269 1505 IV
1292 1442 1306 1501 1

195 1567 228 1630 p.
256 1548 326 1608 106.

726 1684 775 1744 10.

278 1794 358 1859 Hes.
388 1793 423 1859 Il
451 1795 847 1885 11941Σισύμβριον.
898 1799 1086 1881 Δίδυμος
1119 1790 1308 1862 ἄνθόλλιόν

101 1941 104 1947 -
194 1923 236 1963 τι.
283 1892 501 1981 Θεόφραστος
528 1893 565 1961 δὲ
591 1914 620 1960 σ.
644 1895 817 1982 γηράσκον
839 1893 1068 1982 μεταβάλλειν.
1115 1893 1221 1962 0101
1242 1891 1307 1962 άπὸ

193 1996 369 2083 ἡδυόσμου
399 1995 507 2063 πλατὺ
538 2000 767 2085 φυλορῥοοῦν.
818 1999 937 2064 Glossa
962 2008 1088 2086 spectat
1116 1999 1157 2065 ad
1181 1997 1308 2064 Cratini

194 2102 407 2166 Effeminatos
431 2101 508 2166 Ath.
534 2101 600 2166 XV
622 2104 682 2166 685
703 2101 741 2167 C.
787 2101 1004 2187 Theophrasti
1026 2102 1117 2167 locus
1140 2111 1249 2166 exstat
1271 2101 1310 2166 de
1373 2157 1377 2168 .

194 2201 246 2267 od.
272 2211 350 2267 sect.
376 2203 514 2267 XXVII
535 2227 567 2290 p.
592 2207 664 2268 741.

724 2362 773 2422 11.

279 2475 358 2540 Hes.
390 2475 427 2538 II
460 2477 540 2538 1212
571 2478 899 2558 ’Σκινθαρίζειν
939 2467 980 2556 [d]
1019 2477 1102 2540 ἔνιοι
1140 2479 1307 2559 σκαριζειν

195 2575 623 2662 (σκανθαρίζεινΙοοςουιο,
632 2577 765 2641 Kuster.
780 2585 811 2639 et
821 2575 949 2640 Nauck.
964 2599 996 2662 p.
1006 2577 1067 2639 224
1080 2576 1153 2641 coll.
1162 2577 1246 2642 Poll.
1257 2577 1309 2641 IX

197 2683 256 2746 126
282 2703 314 2766 p.
341 2682 396 2743 391
419 2677 555 2765 Bekk.).
584 2674 621 2742 τό
648 2673 710 2761 γάρ
739 2680 785 2763 τῷ
812 2677 913 2763 μέσῳ,
931 2672 991 2741 τὸν
1014 2680 1169 2760 μυκτῆρα
1196 2683 1308 2744 παίειν

195 2775 367 2865 οηλοῖ,.άς
390 2781 585 2862 Δίδυμος.
618 2778 686 2844 Csr.
710 2780 751 2842 fr.
775 2778 880 2842 Paris.
905 2783 935 2859 ξ.
955 2780 992 2841 18
1015 2778 1166 2844 Eustath.
1180 2780 1220 2843 Il.
1235 2783 1307 2865 861,

196 2888 245 2950 10.
265 2921 308 2934 -
328 2882 443 2968 Neque
473 2882 534 2947 hoc
557 2881 754 2946 vocabulum
778 2881 951 2967 quisquam
979 2880 1141 2947 invidebit
1163 2884 1307 2947 comicis.

280 2985 394 3069 ltaque
423 3005 465 3047 ex
484 2984 535 3046 his
558 2984 671 3047 decem
698 2983 835 3068 glossis,
858 3004 938 3068 quas
961 2983 1106 3069 Didymo
1129 3005 1164 3048 se
1187 2983 1308 3049 debere

194 3085 365 3162 confitetur
381 3083 577 3170 Hesychius,
591 3087 734 3171 quinque
750 3082 878 3149 Cratini
889 3085 1066 3150 elocutioni
1081 3085 1308 3172 explanandae

195 3188 379 3253 inserviunt
410 3189 564 3269 βρίαελος
603 3184 761 3270 κόρσακις
792 3183 915 3268 τράγος
950 3185 1097 3270 straden
1135 3184 1309 3271 Σαμιακός

194 3285 319 3371 τρόπος
356 3284 573 3371 σισύμβριον,
603 3309 668 3351 una
695 3288 748 3353 vel
777 3289 860 3353 duae
882 3285 1087 3366 Μοσσυνικά
1107 3292 1308 3373 μαζονομεῑα

195 3385 341 3472 ολσπάτη
360 3389 621 3475 interpretationi
637 3390 883 3476 Aristophanis:
907 3399 942 3455 ut
964 3389 1140 3454 hebetioris
1158 3389 1307 3476 profecto

194 3490 318 3575 ingenii
345 3492 387 3554 sit
415 3514 538 3576 negare
566 3491 668 3575 velle,
692 3492 830 3580 Didymi
853 3491 941 3570 λέξιν
963 3487 1115 3575 κωμικὴν
1136 3489 1178 3554 ab
1200 3491 1308 3578 Hesy-

193 3590 266 3655 chio
294 3591 407 3657 sedulo
436 3579 599 3658 versatam
627 3616 708 3659 esse.
753 3595 856 3660 Immo
874 3595 1009 3659 ulterius
1033 3595 1132 3658 etiam
1153 3593 1308 3680 progredi

193 3691 314 3756 licebit.
360 3693 467 3758 Docet
497 3697 583 3759 enim
613 3699 762 3762 instituta
787 3700 947 3785 Hesychii
968 3719 1041 3762 cum
1069 3696 1174 3760 Phot.
1188 3699 1243 3778 68,
1269 3699 1307 3760 19

192 3793 312 3859 Athen.
336 3795 388 3858 XI
410 3801 467 3861 501
500 3798 600 3862 schol.
631 3800 690 3863 Ar.
721 3801 844 3886 Vespp.
870 3803 926 3862 151
957 3800 1052 3863 Phot.
1075 3802 1152 3881 507,
1178 3807 1191 3860 1
1220 3820 1306 3862 eom·

192 3897 328 3981 paratio,
348 3919 387 3961 ea
406 3900 512 3982 etiam,
531 3896 613 3986 quae
629 3924 654 3966 s.
664 3925 719 3967 vv.
745 3901 1059 3986 βαλανειομφάλους
1081 3895 1307 3986 ἡμερόκαλλες

193 3999 346 4075 Καπνίας
378 4001 496 4084 σέρφοι
529 4000 682 4086 leguntur
702 4042 745 4052 —
768 4013 941 4069 suntvero
959 4003 1042 4068 haee
1063 4003 1237 4068 Cratineae
1259 4004 1306 4066 in·

237 4281 244 4298 .
265 4203 289 4267 l)
316 4197 441 4270 σαμικόν
464 4197 572 4268 τρόπος
595 4201 719 4272 τρόπων.
756 4212 789 4261 F.
815 4203 965 4275 Σαμιακόν
988 4201 1090 4275 τρόπις
1116 4209 1170 4276 (vel
1187 4204 1307 4278 τροπός)

192 4302 311 4353 τρόπον.
1294 4317 1307 4354 ι
