2866 4882
211 341 272 402 2711

211 512 262 574 ed.
276 507 468 574 Witzsohel.
483 507 602 591 legitur
616 508 769 591 Δίδυμος
792 502 834 572 οὐ
851 528 911 592 pro
924 498 1041 582 οὕτως.
1064 503 1330 570 Reserihendum

212 612 313 694 igitur
334 611 465 674 videtur
483 609 581 670 etiam
603 608 638 670 in
663 608 733 674 00.
759 611 836 671 1061
860 602 950 672 οὕτω
972 609 1141 690 Δίδυμος,
1172 609 1230 693 qui
1253 629 1329 672 ean-

210 713 285 776 dem
319 710 582 775 observationem
617 731 708 774 suam
736 710 860 795 recepit
880 710 916 771 in
933 707 1063 773 lexicon
1093 709 1274 792 tragicum,
1308 732 1329 772 a

209 810 589 896 DiogenianoHesychii
605 811 825 896 compilatum.
847 809 959 874 Possis
981 810 1124 895 quidem,
1145 832 1220 873 curn
1242 807 1330 894 πρός
1424 839 1426 844 ’

210 921 382 999 sequatur,
417 913 514 976 etiam
538 906 628 975 οὕτω
650 913 734 988 Πίος
757 911 920 994 conicere,
950 912 1008 976 sed
1036 911 1144 976 obstat
1163 911 1328 998 Hesychii

210 1035 400 1079 consensus,
446 1013 557 1077 Tertio
579 1014 667 1100 apud
690 1011 791 1076 schol.
812 1011 865 1075 El.
889 1013 952 1074 452
974 1010 1094 1096 legitur
1117 1014 1236 1077 δίδωσι
1259 1008 1326 1097 γὰρ

210 1112 247 1181 td
271 1119 361 1200 ζῶμα
376 1109 451 1179 ἀντὶ
473 1117 610 1198 ταινίας,
635 1136 698 1202 quo
721 1113 793 1200 loco
809 1115 873 1178 nisi
897 1112 1036 1178 eundem
1056 1135 1151 1178 usum
1170 1116 1328 1180 vocabuli

74 1225 75 1228 ’
210 1219 328 1282 δίδωσι
348 1217 521 1281 admittere
543 1216 697 1298 volueris,
719 1237 782 1302 quo
806 1215 846 1279 de
869 1215 985 1279 Lehrs.
1009 1215 1068 1279 Ar.
1093 1217 1129 1280 21
1155 1216 1257 1299 dixit,
1281 1217 1326 1280 le-

210 1320 346 1382 nissima
374 1320 532 1383 correctio
563 1319 625 1382 erit
644 1319 796 1400 Δίδυμος
826 1316 900 1382 coll.
934 1317 1065 1382 δίδευσι
1091 1339 1143 1403 ap.
1168 1326 1210 1382 et.
1235 1319 1325 1384 Gud.

209 1419 348 1484 δίυειου
374 1441 434 1506 pro
460 1419 623 1501 Δίδυμος.
667 1419 807 1484 Accedit
831 1419 919 1505 quod
945 1427 1078 1505 propter
1102 1419 1189 1483 hunc
1215 1421 1325 1506 ipsum

209 1520 362 1587 vocabuli
383 1521 473 1603 ζῶμα
494 1543 589 1585 usum
611 1521 806 1586 Homericae
834 1521 1062 1586 consuetudini
1084 1529 1326 1607 repugnantem

210 1622 340 1710 (Lehrs.
360 1621 419 1686 Ar.
440 1645 472 1708 p.
489 1624 648 1710 125126)
671 1623 713 1688 ab
735 1624 1039 1710 hypomnematistis
1061 1623 1262 1687 huicversui
1285 1616 1323 1686 τὸ

209 1733 244 1805 χί
269 1723 452 1808 appositum
478 1724 581 1788 fuisse
608 1725 754 1808 videtur,
786 1725 874 1811 quod
901 1724 1033 1811 quidem
1054 1733 1193 1806 σημείου
1215 1723 1325 1810 Didy-

202 1846 297 1892 mum
323 1825 523 1910 explicuisse
552 1826 703 1891 arbitror.
756 1825 868 1892 Possis
896 1834 1005 1889 tamen
1033 1826 1130 1888 etiam
1161 1824 1325 1912 suspicari

209 1919 411 1991 ἀποδιδόασι
454 1937 491 1992 ut
528 1928 596 1996 00.
639 1931 719 1992 1578
751 1928 806 1992 vel
838 1922 1025 2003 ἀποδώσεις
1062 1935 1099 1991 ut
1133 1926 1203 1991 00.
1240 1929 1323 1989 1464

210 2028 335 2115 (1526).
361 2028 512 2115 Denique
536 2031 767 2117 inquirendum
790 2039 854 2113 est,
877 2029 981 2095 nostri
1000 2030 1158 2093 memoria
1180 2028 1323 2091 lateatne

209 2131 243 2192 in
276 2129 378 2192 schol.
402 2130 455 2193 El.
487 2132 542 2212 28,
573 2129 630 2194 ubi
661 2133 732 2197 cod.
755 2133 814 2195 La.
835 2131 935 2195 habet
952 2133 999 2195 Δί
1020 2179 1027 2194 .
1051 2177 1059 2193 .
1082 2177 1089 2194 .
1114 2139 1146 2192 et
1166 2128 1237 2194 OT.
1258 2130 1322 2192 899

204 2225 299 2315 ’Δβαί
313 2221 392 2313 -ἢ
416 2230 471 2294 Δῖ
492 2235 584 2314 oapi?

292 2331 384 2395 Inter
400 2340 602 2416 argumenta,
626 2331 923 2418 quibusWolffius,
945 2342 982 2398 ut
992 2331 1207 2421 principalem
1230 2331 1323 2396 scho-

209 2432 324 2497 liorum
348 2433 472 2496 fontem
492 2455 564 2497 esse
586 2434 767 2520 Didymum
790 2435 1043 2518 demonstraret,
1063 2457 1141 2500 usus
1165 2443 1230 2516 est,
1253 2455 1323 2497 cer-

207 2536 336 2599 tissima
362 2534 489 2615 refero,
514 2536 654 2620 primum
680 2539 767 2624 quod
790 2536 905 2602 scholii
924 2519 1005 2601 00(
1019 2539 1099 2600 1600
1120 2544 1234 2606 auctor
1256 2533 1322 2598 lec·

206 2647 294 2702 tores
317 2637 360 2701 ad
379 2658 474 2700 suum
496 2639 531 2700 in
553 2637 726 2726 Eupolidis
748 2639 961 2704 Maricantem
984 2637 1252 2702 commentarium
1272 2658 1331 2726 res

208 2741 297 2825 legat
319 2739 568 2825 (commentatus
592 2741 679 2804 enim
701 2740 844 2826 Eupolin
869 2742 1033 2828 Didymus
1056 2747 1121 2822 est,
1145 2747 1183 2802 ut
1203 2737 1321 2824 proba-

206 2842 273 2907 bile
295 2843 373 2907 fecit
396 2842 435 2907 Ο.
453 2831 644 2907 Schneider.
670 2843 710 2906 de
733 2840 846 2908 scholl.
865 2843 1032 2929 Aristoph.
1056 2866 1087 2929 p.
1114 2839 1177 2924 16),
1201 2837 1322 2902 deinde

208 2944 296 3031 quod
319 2943 418 3010 schol.
439 2943 491 3008 El.
518 2947 576 3006 135
600 2944 641 3008 de
662 2967 694 3008 v.
720 2938 838 3008 ἀλύειν
851 2943 997 3029 Didymi
1016 2946 1146 3010 nomine
1168 2950 1320 3006 ornatum

208 3045 406 3108 invenerunt
427 3042 518 3108 Suid.
542 3039 661 3110 ἀλύειν
681 3055 712 3109 et
734 3046 841 3109 Bekk.
864 3045 1000 3109 anecdd.
1027 3046 1044 3108 I
1071 3068 1104 3131 p.
1126 3045 1204 3125 3811,
1228 3041 1320 3105 deni-

209 3167 271 3231 que
293 3144 380 3230 quod
403 3167 420 3208 e
443 3145 545 3209 schol.
565 3147 633 3212 00.
660 3151 740 3212 1210
761 3152 832 3212 ocia
853 3142 927 3212 ἀντὶ
949 3149 1011 3211 τοῦ
1034 3150 1139 3212 neiron
1161 3167 1235 3210 cum
1256 3145 1320 3209 Zo-

206 3267 289 3308 nar.=
305 3268 338 3310 v.
368 3249 471 3310 seiton
498 3251 738 3333 comparatione
767 3248 949 3334 colligitur,
977 3248 1175 3335 Didymum,
1205 3247 1262 3335 qui
1284 3247 1319 3308 in

207 3346 439 3433 orthographia
461 3369 521 3412 sua
542 3351 647 3414 sciron
669 3345 725 3415 διὰ
744 3354 807 3416 τοῦ
828 3375 839 3414 ι
863 3349 1070 3414 scribendum
1093 3373 1165 3414 esse
1186 3367 1317 3435 praecc-

205 3447 254 3533 pit
275 3447 333 3534 (cf.
357 3470 472 3514 comm.
493 3451 546 3514 III
569 3474 601 3537 p.
625 3456 644 3514 5
665 3453 758 3518 Olsn.
783 3454 897 3539 1853),
920 3451 1000 3515 haec
1022 3453 1121 3516 etiam
1140 3448 1243 3516 verba
1260 3469 1317 3532 po-

109 3575 110 3578 *
205 3549 309 3614 tuisse
332 3551 485 3617 scribere.
513 3551 621 3640 [Adde
633 3556 860 3622 Aristarchum
882 3553 925 3618 ad
946 3548 1067 3640 Odyss.
1091 3576 1111 3616 κ
1134 3552 1204 3631 268,
1227 3548 1316 3613 unde

206 3654 291 3737 sapit
319 3650 508 3744 Didymus]
555 3657 722 3721 Adderem
751 3656 803 3720 his
831 3655 911 3720 locis
939 3653 1040 3719 schol.
1066 3654 1123 3716 Ar.
1147 3649 1234 3714 Plut.
1252 3651 1316 3713 286

205 3753 248 3820 ἐυ
273 3760 489 3838 Σοφοκλεῖ
519 3763 686 3842 adoptat
720 3757 796 3839 περὶ
825 3760 887 3821 τοῦ
906 3745 1021 3838 ἧμιν,
1053 3745 1107 3816 ὅτε
1129 3751 1184 3816 καὶ
1206 3751 1315 3836 βραχύ

205 3856 274 3921 ἐστι
305 3856 362 3942 (cf.
385 3856 501 3922 Elmsl.
525 3860 568 3924 ad
590 3859 689 3945 Soph.
718 3858 759 3922 Ο.
782 3858 820 3921 Τ.
843 3879 874 3943 p.
900 3853 988 3918 XIII
1010 3851 1089 3918 Eur.
1118 3854 1178 3918 Ino
1207 3857 1248 3920 fr.
1276 3857 1312 3916 11

205 3958 263 4022 Ar.
287 3957 375 4022 Avv.
406 3961 467 4023 386
489 3959 568 4047 Lys.
594 3963 671 4025 1681Ι
696 3959 829 4023 Bachm.
854 3958 929 4022 adn.
952 3955 995 4019 ad
1016 3955 1151 4019 Maxim.
1173 3955 1314 4021 Planud.

203 4058 280 4122 dial.
303 4058 369 4124 vol..
391 4059 427 4122 II
454 4083 485 4146 p.
505 4062 602 4147 434),
631 4062 695 4125 nisi
715 4060 861 4125 scholion
883 4066 970 4123 esset
996 4080 1014 4122 e
1035 4056 1107 4122 cod.
1130 4056 1236 4121 Paris.
1259 4080 1314 4122 ex-

202 4171 358 4247 cerptum.
404 4162 456 4226 De
476 4162 646 4248 Sophoclis
666 4162 834 4226 codicibus
857 4161 899 4229 cf.
925 4159 1026 4224 schol.
1049 4159 1126 4225 Ald.
1149 4160 1209 4223 Ar.
1225 4158 1313 4223 Plut.

200 4265 274 4325 493.
325 4263 391 4327 Sed
420 4263 634 4348 praetermitti
664 4284 729 4326 non
759 4261 881 4326 debent
909 4262 1010 4326 schol.
1044 4261 1112 4326 00.
1145 4262 1210 4340 712
1237 4261 1312 4325 coll.
