2866 4882
1162 339 1219 402 271

110 497 222 560 Bekk.
243 495 380 561 anecdd.
405 501 482 579 350,
511 501 552 562 25
576 499 725 587 (Bachm.
748 499 765 562 I
784 521 817 584 p.
838 501 895 581 38,
921 500 973 585 10)
999 523 1072 565 mea
1093 503 1134 567 de
1155 502 1225 568 lexi

109 599 249 684 Didymi
280 600 406 683 tragica
440 599 552 687 (Soph.
586 599 638 664 El.
674 600 749 686 727)
784 600 1012 666 dissertatione
1044 626 1075 688 p.
1109 609 1222 670 10451

110 722 227 764 comm.
251 701 304 763 ΙΙΙ
327 723 359 786 p.
385 707 426 766 14
456 702 563 790 (01511.
588 703 668 765 1853
692 701 755 784 8.)3
785 701 886 766 schol.
910 702 953 766 ad
968 703 1037 768 00.
1061 709 1122 770 947
1145 707 1218 771 0011.

109 800 255 887 Hesych.
287 799 393 883 πάγος
421 812 453 866 51
480 801 589 868 Bekk.
614 803 751 867 anecdd.
781 805 857 885 212,
888 808 943 888 193
966 815 998 868 et
1025 807 1125 872 schol.
1148 810 1218 873 00.

108 906 182 985 954,
202 925 233 988 q.
247 901 268 965 l.
283 902 326 966 ad
340 901 567 967 collectionem
579 926 672 968 suam
684 904 876 988 adagiorum
895 906 1025 970 videtur
1045 911 1219 995 respicere.

108 1003 289 1068 Observari
313 1005 453 1091 denique
470 1014 620 1068 meretur¹
640 1004 836 1069 scholiorum
857 1005 955 1092 Soph.
985 1030 1059 1071 cum
1087 1010 1220 1075 scholiis

108 1106 314 1191 Euripideis,
341 1127 478 1191 quorum
498 1114 625 1192 partem
650 1126 670 1168 a
691 1105 836 1191 Didymo
859 1108 1040 1192 profectam
1061 1133 1133 1175 esse
1158 1115 1219 1176 sci-

107 1229 199 1288 mus,
223 1229 419 1290 consensus3
439 1229 468 1271 e.
487 1229 520 1290 g.
542 1206 595 1270 El.
617 1210 657 1271 62
677 1215 709 1271 et
722 1206 845 1271 Phoen.
867 1211 928 1272 752
951 1209 1090 1274 eundem
1112 1212 1220 1276 virum

82 1292 84 1297 ⁵
108 1309 239 1372 doctum
262 1311 509 1394 interpretatum
533 1329 604 1372 esse
638 1308 725 1371 haud
748 1306 871 1371 absone
903 1331 946 1372 ex
971 1332 1134 1376 consensu
1156 1323 1219 1377 sta-

105 1416 190 1474 tuas.
235 1410 424 1477 Contendas
447 1411 544 1473 etiam
567 1409 667 1473 schol.
691 1409 743 1473 El.
768 1411 808 1472 87
832 1432 904 1474 cum
923 1412 1109 1498 Phrynicho
1131 1416 1218 1480 Bek-

107 1510 182 1573 keri
203 1534 228 1576 s.
252 1534 284 1576 v.
309 1504 498 1594 αὐτοέντης.

198 1611 312 1699 Neque
339 1613 373 1675 in
402 1611 463 1676 hac
490 1633 608 1676 caussa
628 1612 724 1676 flocci
752 1613 905 1677 facienda
927 1622 976 1677 est
997 1617 1218 1701 exquisitioris

108 1715 291 1796 doctrinae,
326 1736 422 1800 quam
453 1737 533 1800 prae
565 1715 683 1778 ceteris
716 1713 838 1778 scholia
870 1716 904 1778 in
930 1714 1000 1780 00.
1035 1719 1219 1803 ostendunt,

107 1815 202 1900 copia
238 1816 285 1877 ita
310 1826 513 1902 comparata,
551 1826 586 1878 ut
613 1838 679 1879 non
706 1814 864 1879 modoad
892 1837 1010 1880 aevum
1032 1823 1220 1901 grammati-

106 1937 165 1978 cae
184 1914 456 2001 Alexandrinum,
482 1919 540 1983 sed
563 1918 605 1981 ad
627 1919 735 2004 ipsum
756 1917 938 2002 Didymum
960 1916 1217 1986 literatissimum

105 2017 271 2080 hominem
292 2018 491 2082 nos‘ducere
512 2021 674 2084 videatur.
719 2017 835 2105 Neque
856 2017 1002 2102 profecto
1029 2022 1120 2084 casui
1140 2021 1219 2086 dan-

107 2118 185 2183 dum
207 2109 285 2202 erit,
307 2119 395 2205 quod
412 2121 447 2182 in
469 2121 577 2184 indice
597 2122 792 2205 scriptorum
816 2121 851 2181 in
873 2118 1003 2182 scholiis
1025 2119 1085 2183 La.
1109 2115 1220 2186 lauda-

104 2227 214 2284 torum
235 2218 345 2283 nullus
365 2229 534 2309 appareat,
558 2221 614 2306 qui
635 2219 781 2305 Didymo
803 2221 964 2306 posterior
987 2222 1124 2305 vixerit,
1152 2223 1219 2287 He-

105 2321 236 2384 rodiani
254 2321 355 2386 semel
381 2324 534 2387 iniectam
558 2321 642 2409 (00.
669 2321 742 2402 195)
767 2321 964 2385 mentionem
986 2322 1014 2383 si
1037 2327 1217 2411 exceperis,

107 2444 205 2508 quam
238 2422 377 2488 conflato
408 2426 535 2512 corpori
574 2421 770 2487 scholiorum
803 2423 1008 2504 extrinsecus
1039 2428 1218 2491 accessisse

105 2524 310 2588 verosimile
333 2534 398 2608 est,
429 2527 576 2614 adeoque
599 2525 813 2612 posteriorem
841 2523 901 2586 Pio
931 2523 1033 2588 altero
1056 2549 1216 2592 commen-

105 2631 211 2688 tatore
245 2633 384 2690 aetatem
414 2629 508 2713 sapit.
560 2627 741 2712 Scriptores
770 2646 848 2689 vero
870 2624 1004 2692 indicati
1026 2631 1216 2715 saepissime

108 2734 140 2784 et
168 2735 283 2808 poetae
302 2736 395 2810 sunt,
424 2729 541 2815 quibus
564 2728 745 2815 Didymum
770 2747 902 2812 operam
930 2749 1069 2795 navasse
1098 2731 1216 2794 lucem-

107 2843 171 2906 que
193 2829 431 2893 commentariis
450 2829 599 2894 attulisse
618 2832 749 2911 scimus,
774 2828 958 2913 Aeschylus
979 2830 1216 2918 Aristophanes

55 2931 61 2941 “
108 2922 278 3006 Cratinus,
306 2925 442 3014 Eupolis
459 2930 635 3018 Euripides
664 2931 828 2995 Hesiodus
856 2929 1019 2994 Homerus
1051 2932 1215 2997 Pindarus

107 3022 284 3107 Sophocles
306 3034 338 3087 et
364 3050 471 3094 rerum
499 3035 673 3119 scriptores
700 3031 741 3096 ab
762 3030 999 3095 Alexandrinis
1030 3037 1216 3120 grammati·

105 3125 153 3187 cis
175 3123 249 3210 plus
271 3126 430 3200 minusve,
443 3135 583 3215 excussi,
604 3154 739 3220 quornm
762 3154 821 3197 nos
842 3133 1004 3220 hodieque
1025 3137 1215 3199 memoriam

104 3224 246 3288 fortasse
275 3229 371 3290 unius
400 3229 537 3316 Didymi
576 3234 681 3298 labori
722 3234 893 3318 debemus,
929 3236 1091 3301 Androtio
1131 3237 1216 3300 ister

106 3325 316 3412 Pherecydes
339 3328 551 3398 Philochorus
571 3335 704 3401 Polemo
730 3337 844 3424 (Prell.
868 3337 991 3402 Polem.
1013 3361 1045 3424 p.
1069 3339 1124 3423 29)
1148 3339 1213 3402 He-

104 3427 243 3491 rodorus
271 3429 487 3515 Lysimachus
517 3434 681 3502 Neanthes
716 3438 919 3525 Phylarchus
950 3438 1097 3523 Satyrus.
1150 3438 1215 3506 Sed

106 3527 149 3592 de
171 3527 232 3592 hoc
256 3541 449 3616 argumento
471 3534 515 3598 W
517 3535 625 3601 olffius
647 3561 679 3624 p.
700 3542 751 3602 23.
777 3541 816 3602 24
839 3538 968 3603 abunde
992 3539 1085 3604 dixit.
1117 3541 1214 3607 Gra-

104 3628 275 3696 vissimum
303 3655 383 3697 vero
411 3633 653 3720 argumentum,
679 3642 770 3702 cuius
800 3640 834 3702 in
861 3640 923 3703 hac
949 3639 990 3703 de
1017 3640 1214 3704 scholiorum

104 3728 252 3797 fontibus
262 3736 452 3819 quaestione
467 3741 774 3803 summaauctoritas
791 3749 849 3822 est,
861 3741 896 3802 in
915 3763 952 3805 eo
968 3741 1110 3826 positum
1123 3740 1213 3805 vide-

103 3838 171 3913 tur,
190 3832 288 3918 quod,
312 3837 403 3898 utin
426 3837 654 3903 dissertatione
677 3839 717 3903 de
738 3839 804 3905 lexi
826 3843 952 3926 tragica
971 3843 1123 3929 exposui,
1143 3841 1213 3926 plu-

103 3933 205 3996 rimae
237 3935 469 4002 vocabulorum
503 3940 752 4026 explicationes,
782 3965 862 4028 quas
891 3944 1076 4029 aDidymo
1106 3942 1213 4028 profe-

101 4029 173 4097 ctas
196 4057 269 4100 esse
290 4047 422 4126 recepta
440 4041 474 4103 in
490 4041 692 4128 Hesychium
710 4045 795 4119 λέξις
816 4043 956 4127 τραγική
979 4042 1148 4130 probabile
1166 4042 1213 4105 fa-

101 4135 162 4218 cit,
192 4137 308 4203 iisdem
336 4139 405 4204 fere
435 4141 489 4205 vel
514 4143 626 4228 paucis
658 4146 879 4230 tantummodo
903 4145 1078 4208 immutatis
1102 4142 1213 4207 verbis

96 4233 136 4322 111
157 4232 289 4304 scholiis
313 4262 441 4328 quoque
463 4243 760 4328 deprehenduntur.
789 4244 898 4330 Atque
919 4244 1000 4307 haec
1022 4266 1138 4309 caussa
1155 4253 1213 4327 est,
