2812 4868
213 345 253 407 38

214 521 251 578 ut
280 510 368 574 socci
396 506 611 594 cothurnique
634 507 850 573 elocutionem
869 505 1072 572 illustrarent
1078 498 1102 591 ‚¹
1116 509 1175 574 sed
1193 509 1329 574 iudicia·

214 615 295 694 lem,
317 609 352 674 X
374 610 532 695 imprimis
552 633 634 698 quos
655 608 810 692 classicos
832 608 991 674 haberent
1013 619 1177 676 oratorum
1197 632 1257 697 pro
1280 612 1331 676 in·

215 716 326 780 stimto
360 733 418 777 suo
443 711 677 778 vocabulorum
703 710 912 776 collectiones
936 711 1074 798 Didymi
1103 733 1168 776 non
1196 712 1243 776 ita
1264 712 1328 778 fre-

214 825 351 904 quenter
372 814 533 896 adierunt,
555 812 804 898 diligentissime
826 833 915 896 vero,
937 813 986 876 uti
1002 811 1148 897 perluit,
1167 811 1329 899 ῥητορικὰ

214 923 256 984 Δ.
274 910 498 999 ὑπομνήματα
515 921 747 997 excusserunt,
770 922 868 1001 atque
891 915 1007 997 etiem,
1029 915 1064 978 ni
1085 914 1183 980 fallor
1189 964 1198 999 ,
1222 919 1327 982 sicubi

214 1018 353 1084 verbum
373 1015 509 1102 aliquod
530 1037 647 1080 scenae
671 1037 744 1080 cum
762 1017 876 1090 rostris
899 1038 1069 1082 commune
1092 1018 1196 1081 nostri
1216 1017 1327 1082 verbis

214 1119 373 1206 adpositis
405 1118 675 1204 interpretantur,
706 1117 887 1204 Didymum
908 1117 1054 1206 Didymo
1074 1126 1157 1183 teste
1180 1118 1337 1184 laudant.

214 1222 307 1302 Quae
331 1241 405 1284 cum
426 1219 472 1282 ita
491 1219 571 1300 siut,
593 1218 759 1284 suboritur
780 1220 939 1305 suspicio,
974 1241 1013 1284 ea
1034 1219 1210 1302 vocabula,
1245 1241 1328 1306 quae

213 1322 352 1409 Didymi
380 1320 566 1386 testimonio
595 1323 720 1386 munita
748 1321 835 1408 apud
859 1320 1012 1386 Photium
1043 1332 1076 1386 et
1097 1321 1328 1407 Harpocratio-

167 1497 172 1508 ,
213 1447 288 1489 nem
312 1428 456 1502 exstant,
487 1418 663 1506 verbisque
695 1431 752 1486 cut
783 1422 918 1486 totidem
951 1432 1007 1488 eut
1033 1426 1068 1487 in
1096 1423 1231 1489 brevius
1255 1445 1328 1489 con·

213 1527 326 1591 tractis
354 1519 693 1588 animadversionibus
709 1608 711 1612 .
729 1523 892 1588 illustrata
925 1526 1012 1611 apud
1038 1526 1118 1591 Hes.
1147 1536 1327 1610 recurrunt,

215 1629 256 1692 de
279 1647 378 1691 scena
399 1623 564 1712 quondam
586 1623 722 1687 recitate
745 1645 826 1707 esse,
845 1634 987 1712 quotque
1011 1635 1141 1692 soccum
1159 1631 1328 1714 sapiunte

213 1727 352 1814 Didymi
374 1726 481 1791 lexico
505 1726 646 1807 comico,
683 1732 761 1810 quot
779 1725 986 1809 cothurnum,
1017 1731 1182 1814 stragicc
1204 1731 1248 1794 ad
1271 1753 1328 1796 nos

213 1837 395 1917 pervagata
417 1848 499 1892 esse.
545 1826 652 1891 Aliter
674 1826 820 1890 decernit
837 1826 942 1891 Meier
964 1850 1079 1894 comm.
1102 1830 1229 1896 Andoc.
1252 1832 1327 1924 vll,

213 1939 298 2018 pert.
322 1945 388 1994 x111
409 1952 441 2015 p.
462 1931 519 2011 69,
541 1929 594 1993 cui
617 1929 652 1991 in
673 1928 797 1993 comico
816 1927 923 1993 lexico
945 1930 1180 2016 explicationes
1202 1941 1327 1997 tentum

214 2055 332 2099 vocum
353 2034 456 2115 θῆτες
476 2038 508 2094 ct
530 2026 623 2106 ὅοιος
646 2029 810 2094 exstitisse
827 2029 990 2097 videntur.
1009 2033 1181 2119 -ltaque
1198 2039 1327 2121 κωμικῇ
1360 2028 1363 2036 '

215 2134 300 2212 λέξει
326 2134 406 2198 haec
433 2134 505 2197 iure
528 2130 609 2208 mihi
635 2129 806 2196 vindicare
832 2131 962 2215 videor,
997 2133 1115 2220 quibus
1146 2135 1328 2200 Renkienis

215 2237 317 2323 copiis
338 2257 370 2322 p.
394 2237 451 2298 134
473 2256 521 2320 sq.
545 2231 693 2296 cumulus
716 2232 860 2296 accedet.

746 2403 794 2463 14.

300 2538 394 2604 Phot.
415 2540 485 2620 321,
507 2539 547 2600 23
571 2533 783 2601 οἰνόπται·
808 2534 996 2619 ἐπιμελεταὶ
1013 2542 1076 2604 τοῦ
1098 2536 1178 2617 τούς
1199 2537 1329 2624 φράτο-

215 2665 275 2725 ρας
296 2635 385 2725 ἡδὺν
407 2632 502 2704 οἶνον
525 2639 623 2720 ἔχειν.
645 2639 831 2722 Δίδυμος
853 2631 962 2716 edisce
983 2634 1208 2706 ἀποδίδωσιν·
1232 2637 1328 2709 stirs-

214 2739 275 2828 λὴς
301 2736 385 2826 ἇρχή
411 2764 461 2817 τις
487 2734 670 2825 Ἀθήνησιν
696 2743 782 2827 (321,
807 2742 860 2828 20)
890 2739 1081 2825 παρέχουσα
1104 2739 1250 2825 λύχνους
1273 2745 1328 2810 καὶ

214 2845 421 2930 θρυαλλίδας
443 2841 481 2907 ἐν
502 2829 630 2926 ἑορταῖς
649 2859 747 2908 τισιν.
779 2843 831 2909 Of.
855 2844 938 2909 Poll.
960 2845 1009 2909 Vl
1023 2847 1063 2907 22
1085 2868 1117 2932 p.
1131 2846 1193 2908 233
1215 2845 1325 2912 Bekk.

214 2948 295 3012 Hes.
323 2947 358 3011 II
387 2949 448 3010 730
482 2941 676 3010 οἰνόπται
708 2939 738 3009 ἆ.
770 2939 820 3008 εὖ.
848 2941 929 3010 καθ’
955 2940 999 3029 ἢν
1028 2947 1064 3034 (l.
1091 2941 1326 3034 Ἀθήνησιν)’)

285 3171 310 3238 1)
329 3173 411 3223 Vocc.
429 3163 546 3236 Ἀθῆναι
566 3161 710 3234 ολἈθηνοῖ
727 3169 899 3220 librariorum
918 3172 1043 3223 socordia
1059 3173 1218 3237 saepissime
1237 3189 1327 3226 corru-

214 3261 266 3325 pit:
286 3274 309 3310 e.
329 3275 357 3324 g.
377 3275 421 3323 ap.
437 3258 553 3308 Luciau.
577 3272 662 3307 musc.
688 3272 792 3307 enccm.
819 3256 898 3308 5111
920 3273 947 3322 p.
967 3260 1017 3309 242
1037 3259 1112 3310 chz.
1137 3276 1185 3324 pro
1202 3250 1326 3326 Ἀθηνᾶν

214 3346 275 3396 cod.
300 3346 334 3397 A.
355 3343 478 3410 (Gorlic.)
505 3344 614 3394 exhibet
637 3340 788 3407 ιιαθαροῖν,
810 3343 880 3394 idem
900 3344 947 3395 lib.
966 3361 1016 3395 ms.
1037 3346 1080 3396 ΠΙ
1098 3363 1125 3410 p.
1147 3346 1195 3398 118
1212 3337 1327 3413 Ἀθησιν

213 3447 262 3499 pro
279 3422 432 3498 Ἀθήνησιν
451 3431 574 3497 praebet.
592 3426 755 3492 AOHNAO,
775 3429 846 3496 quod
860 3431 889 3480 in
907 3431 966 3482 cod.
985 3431 1075 3497 Apoll.
1093 3433 1179 3498 Dysc.
1197 3435 1230 3485 de
1247 3451 1325 3500 pron.

212 3536 240 3585 p.
262 3517 341 3570 109A
359 3518 375 3569 3
395 3516 441 3584 [cf.
461 3535 489 3583 p.
507 3516 556 3567 196
575 3515 673 3582 Beklr.]
694 3521 821 3582 apparet,
847 3517 934 3567 editor
956 3521 1030 3568 recte
1055 3517 1082 3566 in
1102 3515 1255 3570 ΑΘΗΝΑΟ
1270 3539 1326 3573 mu-

212 3607 293 3657 tarit.
315 3594 459 3668 ’Ἀφίδνας
470 3617 520 3669 pro
533 3592 655 3666 Ἀθήνας
673 3604 843 3655 scribendum
863 3620 923 3655 esse
941 3606 969 3654 in
983 3609 1111 3676 promptu
1126 3611 1167 3656 est
1182 3622 1225 3672 ap.
1240 3608 1323 3658 Paus.

212 3691 227 3742 I
245 3693 294 3755 41,
313 3692 329 3741 5
353 3707 385 3741 ex
403 3692 463 3756 ipsc
481 3691 600 3741 Peucen.
625 3691 654 3741 H
671 3693 705 3742 λλ
722 3691 825 3744 Herod.
845 3693 884 3743 IX
900 3691 933 3744 73
951 3691 1065 3742 Diodor.
1078 3691 1118 3743 IV
1136 3708 1159 3743 s.
1178 3693 1227 3744 63³
1248 3693 1326 3743 Fecit

212 3784 277 3830 sunt
294 3778 378 3828 verbe
395 3782 415 3829 t.
434 3779 449 3828 I
466 3794 494 3843 p.
516 3778 574 3828 157.
603 3777 693 3846 Heyn.
714 3781 749 3830 ad
767 3777 892 3845 Apollod.
910 3779 939 3828 Π
957 3780 982 3842 7,
1004 3780 1017 3829 1
1037 3795 1064 3844 p.
1083 3778 1150 3830 449:
1170 3774 1229 3826 ‘ds’
1244 3769 1326 3845 Ἀθη-

212 3861 276 3925 νοῖν,
294 3864 340 3914 vix
359 3879 455 3916 sanum
472 3865 550 3916 hoc.’
588 3867 722 3919 Solemnis
742 3873 784 3918 est
801 3866 925 3917 confusio
944 3879 1020 3916 vocc.
1037 3854 1155 3929 Ἀθῆναι
1172 3869 1201 3916 et
1222 3862 1326 3933 Θῆβαι,

211 3954 243 4002 Ρ.
264 3951 427 4017 Wesseling.
443 3954 525 4006 Diod.
545 3955 559 4006 I
584 3972 611 4020 p.
631 3955 680 4007 311
701 3955 801 4020 Scalig.
821 3953 922 4004 Euscb.
943 3951 1024 4004 Chre.
1043 3952 1172 4004 DCCGX.
1204 3954 1324 4004 Meinek.

212 4053 273 4090 cxx.
291 4036 358 4103 phil.
380 4039 446 4091 1846
464 4056 491 4105 p.
510 4043 536 4092 4.
555 4041 652 4092 Athen.
672 4040 784 4092 11440
803 4039 888 4090 schol.
908 4038 955 4089 Ar.
972 4038 1039 4091 Acir.
1060 4039 1111 4091 862
1139 4039 1223 4090 schol.
1244 4040 1324 4090 Pind.

212 4125 256 4176 Ol.
273 4125 359 4176 1148.
396 4125 438 4176 De
460 4131 621 4192 permutatis
644 4118 772 4192 Ἀθηναῖν
793 4132 820 4178 et
838 4117 989 4192 ἆσθενέσι,
1013 4115 1132 4192 Ἀθῆναι
1150 4130 1177 4176 et
1195 4115 1324 4197 ᾇσθῆναι

212 4217 239 4262 et
256 4205 420 4277 ἅνθρωποι,
439 4202 554 4278 ἀπήνης
572 4219 599 4264 et
614 4204 736 4281 Ἀθήνης
755 4213 804 4264 cfr.
820 4215 853 4265 R.
871 4215 965 4280 Unger
981 4214 1078 4280 parad.
1098 4213 1203 4264 Thebb.
1221 4230 1249 4279 p.
1263 4215 1322 4264 452.

211 4297 420 4350 Confunduntur
443 4300 511 4350 adeo
536 4289 639 4366 ἄτιμον
658 4305 685 4351 ct
704 4291 856 4366 Ἀθηναῖον
878 4317 923 4365 ap.
944 4301 1026 4351 Dion.
1046 4299 1141 4364 Chrys.
1161 4314 1201 4351 or.
1221 4299 1321 4350 LXXX
