2812 4868
1138 381 1185 442 45·

67 570 213 632 φρονα
244 545 412 630 κύρκορον
438 548 579 632 λέγοντα
608 541 767 629 ΐχθύθιόν
789 567 830 609 τι.
865 539 1029 630 ηπότηται
1052 546 1104 630 δέ,
1135 542 1181 624 ὥς

67 665 175 734 φησιν
199 644 513 733 Ἐρατοσθένης.
557 648 626 712 ἔστι
661 640 726 728 γὰρ
755 643 901 729 λάχανόν
925 671 956 710 τι
981 641 1100 730 ἄγριον
1125 647 1180 712 καὶ

67 747 202 827 εὐτελὲς
224 751 261 814 ἐν
283 748 546 837 Πελοποννήσῳ,
567 743 612 826 ὡς
634 747 688 814 καὶ
710 741 730 831 ἡ
750 751 918 832 παροιμία.
950 748 1041 830 ’[καὶ]
1057 747 1181 830 κόρκο-

68 875 128 936 ρος
143 852 181 916 ἐν
197 849 383 933 λαχανοις.’
414 851 522 938 Atque
544 861 681 937 utraque
703 847 857 914 vocabuli
875 848 1050 934 explicatio
1070 849 1180 912 etiam-

65 975 155 1016 nunc
183 962 291 1017 exstat
318 951 406 1038 apud
433 952 513 1016 Hes.
536 952 668 1017 113202
704 951 928 1034 κόρκορος·
953 945 1040 1026 εἶδος
1062 945 1180 1032 ἰχθύος

68 1049 269 1138 ἦλόχαυον.
295 1041 428 1136 [Bernh.
450 1054 541 1118 Erat.
564 1077 596 1141 p.
621 1055 681 1118 213
706 1057 767 1139 sq.]

597 1209 648 1270 27.

153 1325 269 1413 Neque
296 1326 337 1390 iis
359 1324 546 1411 Hesychius
574 1333 678 1407 caret,
710 1346 793 1411 quae
818 1346 861 1388 ex
883 1323 1089 1388 duumvirum
1111 1323 1181 1389 illo-

67 1451 141 1492 rum
164 1429 266 1514 copiis
289 1427 467 1514 depromsit
483 1425 582 1490 schol.
601 1425 644 1490 ad
665 1425 724 1490 Ar.
747 1425 869 1513 Vespp.
889 1427 949 1489 724
963 1425 1053 1512 (702)
1079 1420 1180 1491 Ἐπι-

68 1531 158 1614 σίζη
179 1526 421 1612 Λυκόφρων
450 1528 505 1592 καὶ
538 1527 673 1611 (Bernh.
699 1526 819 1592 XVIII
844 1551 877 1615 p.
901 1530 962 1590 217
996 1521 1041 1604 ιὸς
1063 1525 1180 1592 lacuna

66 1637 142 1714 post
165 1627 324 1705 ἐπισίζειν
343 1628 501 1713 indicata)
521 1627 676 1712 οἱπερὶ
690 1625 965 1715 Ἐρατοσθένη(ν)
984 1625 1022 1693 τὸ
1039 1627 1179 1712 ἐπαφιέ-

68 1753 125 1793 ναι
153 1725 234 1806 τούς
255 1727 361 1807 κύνας
382 1731 538 1808 ἐπισίζειν
560 1727 625 1794 κτὲ.
649 1732 717 1797 vid.
741 1732 820 1796 Hes.
844 1731 861 1795 I
885 1733 965 1795 1383
994 1730 1178 1808 ἐπισίξιιι

66 1829 272 1908 ἐπισίξάς.
303 1831 553 1896 ἐπισίττειν.
577 1830 833 1919 ἐπιόρύξειν.
879 1830 1177 1896 De-recf.Pic1·s.

67 1930 109 1994 ad
134 1931 237 1998 Moer.
260 1957 293 2021 p.
320 1937 379 1997 157
402 1934 444 1998 A.
464 1931 592 1998 Nauck.
616 1933 719 1999 Arist.
743 1932 824 2019 Byz.
844 1954 875 2018 p.
901 1936 970 1996 161.

597 2089 637 2150 28

156 2193 474 2291 Quintus''proeedat
494 2205 594 2270 schol.
621 2205 664 2270 ad
685 2206 743 2270 Ar.
766 2205 843 2268 Pac.
869 2209 928 2270 703
953 2207 1045 2292 (701)
1063 2199 1178 2291 Ὡρα-

72 2303 237 2383 κιόσας·
264 2297 339 2370 οἷον
361 2299 526 2390 ύχριόσας
547 2300 757 2391 ἢὲλκυσθιὶς
776 2307 811 2393 (l.
829 2307 997 2391 ἐκλυθείς)
1021 2300 1041 2392 ἢ
1065 2313 1178 2373 λειπο-

70 2406 224 2491 ψυχήσας
251 2399 273 2490 ἢ
305 2401 492 2492 ἀθυμήσας.
532 2402 576 2485 ὥς
606 2406 795 2493 φιλοπότην
818 2407 854 2474 δὲ
882 2404 983 2475 πάλιν
1007 2406 1179 2494 διαβάλλει

68 2505 128 2573 τόν
150 2514 320 2592 Κρατῖνον
338 2505 419 2592 μετὰ
439 2507 605 2588 ἐκλύσεως
625 2509 865 2595 ἐσκοτωμένον,
886 2499 912 2598 pi
933 2517 1013 2588 ἴσως
1033 2505 1179 2576 ἀκολου-

70 2617 129 2675 θεῖ
150 2608 206 2674 καὶ
228 2606 265 2674 τό
286 2603 485 2695 ὡρακιόσας,
507 2616 654 2677 τοιοῦτοι
677 2611 715 2676 δὲ
736 2614 770 2677 οἱ
785 2610 1078 2695 λειποψυχούνύες.
1102 2611 1178 2695 'coe'-
1199 2693 1203 2698 Ι

70 2733 165 2775 πεται
197 2709 262 2795 γὰρ
297 2707 411 2779 αὐτῶν
442 2707 592 2797 ἡχροιύ.
636 2712 875 2798 Λυκόφρων
903 2711 939 2779 δὲ
967 2711 1005 2780 τό
1029 2707 1179 2800 ὡρακιᾷν

70 2807 143 2877 ἀντὶ
175 2816 236 2877 τοῦ
272 2809 416 2901 ὥχριᾷν,
448 2808 751 2900 Ἐρατοσθένης
781 2814 818 2880 tt
848 2811 885 2882 τό
915 2810 983 2880 ὑπὸ
1013 2810 1179 2890 ἐκλύσεοις

69 2914 280 2980 ἐσκοτῶσθαι
305 2913 371 2980 ιιτὲ.
416 2916 618 2996 Quibuscum
640 2917 726 2982 conf.
756 2903 839 2986 Hes.
860 2916 895 2980 II
916 2940 948 3004 p.
975 2921 1055 2982 1594
1088 2909 1178 2998 ὥρα-

68 3016 186 3095 κιάσοις
214 3026 247 3081 et
273 3012 423 3104 ύρακιᾷν
466 3028 508 3084 et.
537 3042 579 3083 m.
610 3021 671 3084 823
709 3024 808 3100 [747]‚
845 3022 884 3082 33
934 3018 1038 3084 Piers.
1074 3019 1177 3084 Moer.

69 3142 99 3206 p.
121 3124 184 3184 415
207 3119 319 3186 Tittm.
342 3122 461 3188 Zonar.
484 3122 520 3186 ΙΙ
541 3145 569 3188 ο.
596 3124 676 3188 1892
696 3143 744 3208 sq.

480 3289 481 3294 ’
595 3279 646 3340 29.

153 3391 194 3456 In
219 3401 345 3480 partem
372 3394 486 3457 veniat
508 3396 605 3460 etiam
628 3394 729 3460 schol.
754 3393 796 3458 ad
823 3394 882 3458 Ar.
911 3391 988 3458 Pac.
1014 3394 1072 3458 198
1093 3391 1177 3468 Ven.
1203 3453 1210 3480 ‚

70 3488 333 3576 Λυκόφρονό
362 3509 467 3577 φησιν
486 3490 787 3579 Ἐρατοσθένης
809 3491 845 3560 τὸ
869 3491 1035 3579 κύτταρον
1056 3494 1177 3579 λέγειν,

69 3591 105 3656 ἐν
133 3581 162 3681 φ’
188 3594 223 3658 ολ
246 3597 352 3678 φηγολ
386 3597 421 3683 (ἰ.
447 3619 475 3660 ο.
504 3599 656 3685 glandes)
690 3595 913 3682 ἐγκαθηνται,
958 3592 1021 3662 ούκ
1054 3592 1177 3681 ὀρθῶς.

68 3691 257 3781 κυττάρους
273 3691 337 3779 γὰρ
359 3701 501 3763 καλοῦσι
522 3694 580 3776 τὰς
601 3702 669 3763 τῶν
689 3702 815 3782 κηρίων
838 3698 892 3764 καὶ
914 3703 1055 3783 σφηκῶν
1077 3723 1179 3765 κατα-

68 3789 220 3879 τρήσεις,
253 3792 299 3875 ὡς
329 3798 384 3862 καὶ
416 3797 453 3862 ἐν
481 3799 615 3884 Σφηξὶν
645 3807 787 3884 εἴρηκεν.
833 3801 944 3885 (1006)
975 3797 1111 3884 ὥσπερ
1139 3801 1181 3865 ολ

69 3894 287 3981 σκώληκες
306 3898 349 3963 ἐν
371 3911 458 3977 τοῖς
479 3899 703 3983 κυττάροις
725 3901 985 3986 κινούμενοι.
1021 3891 1178 3985 θεόφρα-

69 4013 145 4075 στος
164 4001 207 4081 (3,
229 4002 257 4082 3,
282 4001 300 4064 8
323 4001 377 4064 ΙΠ
397 4025 437 4089 μ,
455 4007 513 4065 145
538 4002 706 4087 Schneid.)
735 4000 772 4068 ot
794 4009 919 4087 κυρίας
940 4004 1028 4087 λέγει
1050 3999 1178 4084 προόν-

68 4103 171 4183 θησίν
197 4125 273 4166 τινα
301 4106 359 4185 τῆς
380 4101 515 4187 πεύκης.
552 4104 607 4170 καὶ
629 4109 687 4188 τῆς
709 4108 826 4182 πίτυος
849 4100 919 4189 ἥτις
941 4104 1041 4186 ἐστὶν,
1065 4091 1177 4184 ὥσπερ

68 4200 190 4285 στάχυς
219 4202 256 4268 ἐκ
282 4200 438 4286 μεγάλων
465 4210 594 4290 πυρῶν.
641 4203 881 4290 ξηραινόμενος
909 4205 946 4270 δὲ
967 4207 1177 4270 θυλακούται

69 4304 121 4367 καὶ
143 4296 335 4382 ἀποπίπτει.
367 4296 441 4370 οἷον
462 4297 527 4373 οὖν
546 4301 728 4392 tyronica
747 4309 812 4375 κτὲ.
845 4306 1061 4372 Adhibendus
1080 4308 1178 4372 etiam
