2866 4882
1156 338 1218 402 3411

106 505 178 558 ease
205 492 307 558 schol.
333 493 444 581 Soph„
459 495 528 562 00.
561 500 641 562 1210
671 502 742 566 σύν
769 493 844 564 ἀντὶ
872 503 935 565 τού
966 503 1072 566 σύιον
1104 501 1217 589 [schol.

107 595 228 685 Odyss.
246 619 267 660 κ
286 597 347 662 268
370 600 458 662 σύν·
478 591 690 684 Ἀρίσταρχος
709 593 785 668 ἀντὶ
804 603 866 668 τού
886 602 1003 689 σοῖον].

635 790 684 851 10.

192 900 410 967 Choerobusa.
431 923 483 988 ap.
511 911 553 968 et.
577 925 620 966 m.
643 905 704 967 230
712 952 721 986 ,
743 907 763 966 4
793 899 958 987 γήδιον·
981 908 1085 988 τρισῐν
1106 900 1217 974 ὄντων

107 1005 176 1068 τῶν
203 997 434 1086 πρωτοτύπων
461 1006 505 1086 γή
530 1001 586 1070 καί
609 1015 687 1086 γαῖα
715 1004 770 1070 καί
797 1005 873 1089 γεά,
908 1006 946 1072 ἐκ
967 1009 1067 1072 τοίου
1086 1003 1217 1073 τούτων

106 1103 225 1188 γέγονε
248 1098 285 1168 τδ
310 1102 447 1188 γήδιον;
473 1103 561 1186 λέγει
583 1101 620 1170 δὲ
645 1099 663 1168 ὁ
689 1106 893 1190 Δίδυμος,
916 1101 969 1172 δτι
990 1106 1060 1174 ἐστὶ
1079 1109 1139 1190 γέα
1161 1104 1217 1175 διὰ

106 1210 167 1271 τού
190 1229 216 1269 ε.
261 1202 316 1270 καί
338 1201 468 1288 ἐπειδή,
486 1199 585 1288 ἡνίκα
606 1199 628 1288 ή
649 1209 822 1272 τελευταία
843 1204 993 1293 συλλαβή
1008 1212 1067 1293 τῆς
1083 1213 1217 1293 γενικῆς

106 1311 168 1373 τού
190 1304 415 1390 πρωτοτύπου
438 1299 503 1374 ἀπὸ
527 1299 722 1389 φωνήεντος
737 1299 875 1388 ’ἄρχεται
896 1307 951 1378 καί
974 1305 1156 1394 παραλήγει
1171 1313 1218 1398 τῷ

107 1431 122 1472 ε
145 1402 181 1472 τὸ
206 1432 224 1472 0
248 1408 280 1495 (‘?
301 1399 323 1490 ή
343 1410 390 1496 τῷ
412 1410 464 1496 ο),
486 1403 561 1472 τότε
582 1409 708 1491 γίνεται
731 1403 787 1472 διὰ
809 1411 872 1472 τού
895 1403 1009 1493 δισνή
1031 1405 1216 1498 παραγωγή

106 1509 161 1574 καὶ
190 1507 408 1592 προσέρχεται
438 1501 522 1573 κατὰ
543 1503 605 1590 τήν
626 1503 888 1590 παραλήγουσαν
909 1504 945 1574 τὸ
965 1535 987 1576 ι.
1032 1501 1107 1576 οἷον
1129 1508 1217 1596 πρύ-

107 1613 187 1688 ξεως
209 1611 413 1695 πραξείδιον,
436 1609 554 1687 λέξεως
576 1610 749 1693 λεξείδιον,
771 1612 856 1693 δούς
877 1607 1114 1696 βοόςρολδιον,
1134 1615 1217 1690 νούς

105 1709 186 1788 νοός
206 1713 348 1796 νοίδιον,
370 1706 478 1789 οὕτως
500 1699 566 1778 οὖν
588 1710 648 1793 γία
669 1709 797 1792 γείδιον
815 1705 872 1778 διὰ
893 1714 952 1794 τῆς
974 1734 1003 1776 ει
1021 1709 1217 1797 διφθόγγον

106 1813 161 1878 καὶ
190 1807 263 1878 κατ’
294 1815 430 1878 ἔκτασιν
450 1806 602 1894 Ἀττικήν
631 1813 694 1875 τού
720 1832 736 1875 ε
763 1812 810 1887 είς
836 1835 858 1894 η
887 1809 1007 1897 γήδιον
1036 1811 1092 1879 διδ
1113 1819 1216 1898 τούη

106 1913 161 1980 καὶ
182 1939 206 2000 ι,
225 1908 338 1997 ὥσπερ
361 1910 478 1991 εἰκάζω
498 1908 621 1999 ήκαξον
642 1909 698 1976 καί
719 1912 823 1978 είδειν
843 1906 950 2000 ήδειν.

638 2101 687 2162 11.

191 2218 342 2284 Eustath.
365 2216 405 2282 Ι1.
428 2221 461 2282 Ε
481 2217 542 2281 352
563 2239 595 2303 p.
621 2217 712 2297 1146,
734 2216 775 2278 58
795 2209 957 2297 Φιλήμων
979 2212 1015 2278 δὲ
1037 2210 1074 2278 τδ
1097 2211 1218 2300 λήδιον

108 2318 314 2406 ἑρμηνεύσας
337 2314 468 2395 εὐτελὲς
489 2314 672 2402 τριβώνιον
694 2310 715 2400 ή
737 2312 924 2399 χλαμύδιον
946 2311 1090 2390 παλαιδν
1107 2336 1216 2399 παρο-

106 2421 199 2503 ξύνει
222 2418 303 2486 αύτό
325 2415 370 2498 ὦς
390 2417 427 2485 τό
450 2422 621 2504 σταμνίον.
653 2417 736 2502 φησὶ
758 2415 834 2500 γάρ,
857 2411 902 2493 ὡς
922 2417 1085 2499 σταμνίον
1102 2410 1139 2482 δὲ
1154 2412 1217 2500 τήν

108 2525 298 2611 προσῳδίαν
326 2522 423 2605 λέγω.
467 2524 659 2604 Δίδυμος
686 2517 724 2584 δὲ
743 2518 807 2586 καὶ,
825 2511 927 2594 αύτδς
957 2509 1047 2581 οὕτω
1070 2515 1217 2597 δοξάζων

107 2628 206 2708 φησί,
223 2619 268 2700 ύς
288 2617 411 2707 ύλογύς
424 2622 516 2688 ἐστιν
533 2615 864 2705 ήπροπαροξύτονος
887 2615 981 2695 τάσις
1002 2622 1064 2683 τού
1085 2616 1216 2705 λήδιον,

106 2724 176 2792 ἐπεὶ
203 2725 240 2789 αί
259 2721 315 2789 διὰ
333 2728 396 2790 τού
417 2747 472 2789 ιον
494 2725 702 2808 παραγωγαί,
725 2725 756 2788 εί
773 2716 835 2804 μὲν
858 2708 942 2784 ύσιν
964 2719 1001 2783 ἐν
1022 2721 1110 2806 τρισί
1132 2726 1217 2806 βρα·

106 2828 224 2910 χείαις,
256 2822 587 2909 προπαροξύνονται,
617 2819 746 2907 θρόνος
771 2818 904 2905 θρόνον
936 2818 1099 2905 θρύνιον,
1131 2819 1216 2899 πτύξ

106 2923 231 3010 πτυχός
250 2925 410 3012 πτύχιον,
434 2929 465 2992 εί
481 2921 518 2993 δὲ
541 2922 737 2990 δακτυλικαὶ
760 2919 824 3008 πρὸ
844 2926 922 3006 μιᾶς
944 2923 1056 3006 ἔχουσι
1077 2917 1138 2988 τδν
1159 2918 1218 2987 τό-

107 3051 180 3112 νον,
204 3019 279 3093 οίον
300 3030 444 3112 ψωμίον,
467 3022 579 3112 ύτίον,
603 3028 651 3094 ἔτι
672 3024 709 3090 δὲ
732 3023 788 3090 καὶ
809 3025 969 3108 κλειδίον,
990 3025 1136 3109 παιδίον,
1155 3024 1218 3111 δρι-

107 3131 198 3213 δίον,
229 3124 271 3214 ρύ
299 3122 412 3195 διὰτὸ
433 3131 509 3193 διον
530 3123 613 3192 ὄντα
635 3119 716 3192 οὐδὲ
737 3129 852 3208 ταῦτα,
878 3119 962 3190 ἀλλὰ
988 3120 1044 3194 διδ
1067 3128 1130 3192 τού
1151 3149 1216 3192 ιον.

106 3231 143 3296 τό
164 3227 228 3315 γὰρ
252 3254 270 3295 ο
292 3232 354 3296 τού
375 3226 600 3318 πρωτστύπου
619 3228 718 3296 ἐστίν.
750 3229 782 3292 εί
801 3216 876 3310 σύν,
895 3229 1010 3312 φησίν,
1031 3226 1069 3291 ἐν
1089 3230 1136 3314 τῷ
1157 3225 1218 3314 λή-

107 3335 183 3398 διον
204 3326 388 3414 δακτνλική
411 3324 431 3413 ἡ
454 3328 556 3414 λέξις,
585 3330 690 3413 δήλου
712 3323 757 3406 ύς
779 3321 845 3411 πρὸ
867 3331 943 3411 μιᾶς
963 3324 1109 3411 ὤφειλεν
1130 3332 1218 3412 ἔχειν

106 3431 166 3500 τὸν
187 3431 300 3500 τόνον.
326 3434 380 3520 ναί
403 3425 493 3496 οὕτω
515 3431 767 3515 παροξύνεσθαι
786 3426 934 3515 θελήσας
955 3424 992 3494 τὸ
1015 3434 1221 3502 ΛΗΙΔΙΟΝ

106 3531 123 3600 ὁ
146 3539 335 3620 Δίδυμος
362 3528 542 3615 ἀποστερεῖ
564 3527 647 3597 αύτό
679 3532 734 3596 καὶ
760 3534 823 3596 τού
842 3525 925 3595 κατὰ
947 3523 1009 3611 τήν
1030 3527 1218 3613 παράδοσιν

108 3637 429 3724 προσγεγραμμένου
452 3643 480 3700 ι.
519 3633 606 3717 ἐπεί,
631 3636 730 3718 φησί,
759 3633 861 3715 λήδος
883 3625 920 3695 τό
944 3627 1218 3715 πρωτότνπον,δ

106 3746 251 3822 Δωριεῖς
273 3734 373 3816 λᾶδός
395 3738 510 3820 φασίν,
534 3729 579 3812 etc
591 3729 753 3818 Ἀλκμάν·
775 3733 901 3808 λᾶδος
922 3730 1067 3816 είμένα
1088 3727 1218 3796 καλόν

108 3841 163 3926 (fr.
187 3842 227 3908 88
247 3839 405 3925 Bergk),
432 3832 452 3902 ὅ
481 3835 564 3902 ἐστι·
592 3837 710 3919 λήδίον
737 3833 942 3920 ἐνδεδυμένή
972 3825 1108 3909 εύειδές.
1151 3825 1216 3896 ἀπὸ

96 3925 195 4022 ’γοῦν
214 3943 277 4006 τού
293 3941 410 4024 λήδος,
433 3942 533 4023 φησί,
559 3932 604 4023 μή
627 3937 762 4020 ἔχοντος
783 3931 820 4001 τδ
844 3960 857 4004 ι
879 3927 1019 4020 γεγονὸς
1039 3931 1077 3997 τό
1101 3933 1218 4015 λήδίον

107 4036 183 4107 οὐδ’
207 4034 250 4106 ἂν
272 4037 355 4108 αύτδ
379 4044 446 4125 ἔχοι
470 4036 507 4106 τό
528 4065 551 4105 ι.

191 4143 266 4208 Hoc
293 4142 528 4228 fragmentum,
561 4162 636 4205 cum
655 4140 736 4204 ίύτα
758 4135 1080 4222 προσγεγραμμένον
1101 4153 1219 4198 caussa

106 4254 232 4336 agatur,
254 4267 320 4315 non
344 4243 492 4314 dubitavi
513 4242 578 4311 hue
598 4241 779 4328 admittere,
803 4259 998 4332 quamquam
1015 4236 1174 4329 aptiorem
1189 4234 1221 4306 ei
