2894 4890
1192 377 1249 440 231

21 549 25 560 ·
137 524 199 596 τόν
220 526 340 612 λόγον·
364 530 401 594 αἱ
419 524 455 594 δὲ
474 532 542 595 τών
558 535 712 596 Μουσών
734 533 920 618 θυγατέρες
933 537 970 600 αί
984 531 1077 624 ςόδαί,
1100 541 1251 610 τουτέστι

139 625 178 696 τῦ
204 628 389 714 ποιήματα,
423 627 608 716 ἁπτόμεναι
634 626 742 717 αὐτὴν
772 632 834 718 τὴν
863 631 1082 723 εὐφροσύνην
1109 643 1251 722 ἔθελξαν

138 727 200 814 τὴν
222 734 284 795 τοῦ
303 726 504 818 ἀνθρώπου,
521 728 603 798 όταν
624 733 872 820 ἐγκωμιάζηται.
896 741 964 804 ἔστι
988 739 1025 806 δὲ
1045 735 1185 826 ἄκυρον.
1208 742 1251 810 οῦ

139 828 203 915 γὰρ
225 831 381 916 θέλγεται
404 828 614 920 εὐφροσύνη,
637 831 722 922 αῦτη
737 837 910 922 θέλγουσα
925 837 1004 918 τοῦς
1022 843 1249 932 νενικηκότας,

140 929 201 1017 οὐχ
221 926 280 998 ὑπ’
297 929 410 1000 ’ἄλλου
428 934 629 1021 θελγομένη.
654 933 795 1023 ἄμεινον
815 938 863 1024 δέ,
887 941 991 1024 φησὶν
1008 937 1025 1008 ὁ
1044 947 1249 1032 Δίδυμος,

139 1036 192 1100 ἐπὶ
208 1038 277 1099 τών
295 1032 411 1102 πόνων
427 1031 568 1103 ἀκούειν
590 1035 652 1123 τὴν
674 1043 751 1105 νίν.
777 1042 825 1128 (ol
844 1037 908 1124 γὰρ
928 1038 1007 1126 μεθ’
1020 1039 1170 1132 Ὅμηρον
1185 1045 1249 1114 οῦκ

138 1133 359 1224 ἅκριβεώουσι
382 1139 445 1222 την
468 1134 698 1225 ἅντωνυμίαν.
722 1135 767 1219 ώς
786 1141 842 1209 καὶ
859 1137 1061 1229 Εὐριπίδης·

263 1239 382 1325 τοιγάρ
404 1264 460 1306 νιν
482 1235 585 1320 αῦτῦς
607 1241 644 1308 ἐκ
666 1240 782 1328 δόμων
804 1241 954 1329 ολστρησ’
979 1244 1070 1335 ἐγώ.)

138 1381 223 1451 ὥστε
243 1379 304 1451 τόν
323 1381 427 1467 λόγον
448 1379 533 1450 εἶναι
552 1390 691 1452 τοῦτον·
712 1389 748 1451 al
765 1382 848 1476 ᾠδαὶ
867 1391 1009 1468 ἔθελξαν
1026 1385 1151 1470 αῦτοῦς
1168 1388 1248 1470 τοῦς

137 1483 264 1566 πόνους
286 1481 471 1570 ἁπτόμεναι
494 1481 622 1552 αὐτῶν·
658 1479 732 1552 οἷον
751 1490 915 1573 θέλγουσι
938 1488 1000 1576 τὴν
1014 1492 1248 1558 κακοπάθειαν

135 1585 304 1675 ὑμνοῦσαι
330 1588 367 1654 αί
386 1581 480 1676 ώδαί.

220 1734 381 1798 Valcken.
410 1730 517 1794 Diatr.
545 1753 577 1816 p.
604 1732 710 1796 153Β
737 1735 771 1796 in
793 1734 908 1823 Eurip.
932 1735 1096 1801 Baoohab.
1121 1737 1161 1798 32
1187 1759 1247 1822 pro

134 1838 201 1900 νίν,
217 1835 348 1919 scripsit
376 1830 452 1896 νῦν.
508 1830 727 1898 Nihilominus
756 1846 843 1900 recte
874 1836 996 1901 habent
1027 1857 1110 1926 quae
1142 1838 1247 1925 Didy-

134 1960 205 2003 mus
227 1936 268 2000 de
287 1935 452 2021 plurativo
472 1935 674 2018 pronominis
695 1938 750 2000 νίν
773 1936 807 2001 vi
829 1937 1027 2002 observavit.
1060 1936 1111 2001 Of.
1135 1938 1244 2024 Apoll.

134 2038 175 2102 de
201 2057 293 2123 pron.
323 2036 370 2122 (p.
397 2037 455 2098 102
468 2035 513 2118 A)
546 2059 578 2121 p.
602 2040 659 2101 108
673 2037 776 2102 A-0
810 2039 911 2103 schol.
941 2040 1040 2124 Soph.
1071 2038 1111 2102 Ο.
1137 2039 1175 2104 0.
1204 2043 1245 2102 43

135 2137 188 2204 διό
210 2132 247 2202 τὸ
271 2161 301 2220 χ.
344 2136 492 2201 Erfurdt.
521 2137 563 2200 ad
585 2137 683 2222 Soph.
707 2139 747 2202 Ο.
772 2139 810 2202 Τ.
835 2143 896 2203 878
925 2139 1040 2203 Matth.
1065 2138 1123 2202 Gr.
1147 2138 1206 2203 Gr.
1228 2142 1246 2204 I

133 2267 165 2329 p.
196 2243 257 2304 274
285 2239 336 2302 ed.
361 2240 380 2299 2
411 2238 572 2322 Kruoger.
601 2237 660 2302 Gr.
684 2238 769 2326 Sprl.
793 2239 829 2303 II
849 2265 881 2326 p.
906 2243 958 2304 66.
979 2278 1023 2290 -
1048 2239 1087 2302 L.
1109 2240 1243 2305 Dissen.

133 2341 220 2428 expl.
232 2339 327 2403 Pind.
339 2362 371 2425 p.
388 2342 449 2404 380
462 2348 563 2403 ‘nuno
576 2341 707 2416 omisit?
730 2341 844 2427 inquit,
867 2335 901 2404 (ἆ
911 2343 1023 2425 νδρί,
1036 2340 1124 2427 quod
1137 2363 1196 2426 por
1209 2364 1243 2405 se

132 2446 219 2509 inest
228 2443 264 2506 in
276 2443 447 2505 sententia.
476 2440 580 2505 Vides
593 2463 656 2526 quo
668 2442 809 2506 referam
822 2464 960 2529 sequens
983 2444 1080 2506 νίν.’
1108 2443 1158 2507 Ao
1179 2465 1244 2508 mo-

132 2546 213 2608 mini
244 2565 322 2607 sane
347 2543 383 2605 in
410 2541 511 2606 scolio
541 2563 613 2605 esse
640 2538 807 2624 ὑγιαίνειν
831 2538 892 2627 μὲν
919 2537 1095 2626 ἄριστον
1120 2539 1245 2629 ἀνδρὶ

131 2648 264 2731 θνατῷ,
301 2652 335 2707 at
356 2644 547 2728 negaverim
568 2643 763 2708 vocabulum
783 2646 899 2709 referri
921 2667 1017 2732 posse
1042 2646 1085 2709 ad
1105 2646 1243 2710 alterum

130 2749 228 2836 plane
257 2745 411 2810 omissum
439 2767 500 2808 neo
523 2746 708 2808 necessario
737 2745 1007 2810 subaudiendum.
1053 2748 1160 2831 Magis
1183 2749 1243 2832 igi-

131 2859 185 2914 tur
209 2848 347 2934 Didymi
374 2847 459 2911 ratio
483 2846 564 2910 mihi
590 2844 698 2932 placei
737 2848 911 2935 supplendi
937 2843 998 2914 τόν
1020 2847 1147 2936 πόνον,
1180 2849 1243 2936 την

128 2947 374 3034 κακοπάθειαν,
396 2945 476 3026 τοῦς
496 2943 633 3023 πόνους.
713 2979 715 2984 ·

659 3136 711 3195 41.

214 3271 295 3336 ibid.
317 3293 349 3334 v.
377 3275 413 3333 14
444 3268 639 3353 τόμοι-
660 3265 906 3353 προκώμιον
934 3275 1014 3354 είη·
1040 3311 1076 3319 -
1100 3269 1242 3338 δύναται

129 3376 185 3442 καλ
207 3367 313 3456 οὕτω,
341 3372 446 3456 φησὶν
469 3366 486 3436 ὁ
510 3374 709 3455 Δίδυμος·
737 3368 861 3448 παντὸς
887 3376 949 3436 τοῦ
972 3374 1178 3456 ποιουμένου
1195 3377 1242 3450 είς

131 3472 237 3542 αὐτὸν
258 3470 371 3559 ὕμνου
393 3477 493 3538 τοῦτο
514 3469 550 3538 τό
563 3474 662 3558 ,ῥῆμα
677 3471 871 3556 προκώμιον
889 3479 951 3558 εἴη,
972 3466 1047 3538 οἷον
1062 3471 1241 3556 προοίμιόν

129 3603 162 3643 τι
185 3580 341 3642 τοιοῦτον
372 3576 503 3658 γένοιτο
530 3578 598 3638 τών
625 3578 671 3652 είς
695 3569 801 3638 αὐτὸν
826 3575 1094 3658 γραφησομένων
1121 3567 1240 3656 ὕμνων

130 3674 191 3743 ὑπ’
207 3677 307 3762 ἐμοῦ,
338 3682 472 3760 νικῆσαι
494 3678 549 3741 καὶ
572 3670 696 3753 ἄλλους
720 3669 866 3758 ιἰγώνας·
896 3677 953 3740 ἵνα
974 3676 1043 3739 τών
1065 3670 1138 3756 ἑξῆς
1159 3671 1239 3736 έπο-

130 3783 242 3862 μένων
268 3778 442 3843 ἐπινικίων
471 3771 488 3842 ὁ
515 3779 581 3841 νῦν
605 3772 819 3860 γραφόμενος
853 3779 986 3859 λέγηται
1018 3768 1083 3856 πρὸ
1115 3768 1239 3850 παντὸς

129 3877 246 3964 κώμου
267 3878 424 3962 γεγονώς.
455 3876 596 3944 δύναται
619 3877 656 3942 δὲ
678 3877 733 3942 καὶ
754 3871 859 3941 οὕτω·
883 3880 952 3941 τών
972 3872 1239 3960 γραφησομένων

128 3977 220 4068 αὐτῷ
249 3975 369 4064 ῦμυων
392 3974 452 4046 ὑπ’
479 3974 591 4045 ἄλλων
619 3974 636 4043 ὁ
665 3975 744 4062 έμός
773 3972 816 4042 ἂν
839 3983 889 4061 εἴη
913 3975 1118 4062 προκώμιον.
1159 3968 1177 4037 ὁ
1201 3971 1238 4036 δέ

129 4085 230 4158 νοῦς·
253 4075 359 4165 όνπερ
382 4077 423 4166 δὴ
446 4081 549 4164 λόγον
570 4078 625 4145 καὶ
647 4081 788 4145 ἔπαινον
806 4079 937 4163 γένοιτο
953 4081 1020 4141 νῦν
1038 4075 1111 4158 ἐμοὶ
1125 4081 1238 4139 θεῖναι

129 4181 186 4246 καὶ
207 4185 380 4266 πληρώσαι
403 4180 599 4266 προκώμιον
620 4185 667 4270 τῷ
688 4203 723 4246 τε
738 4181 801 4246 Διῒ
817 4178 872 4244 καὶ
886 4171 974 4266 αὐτῇ
991 4178 1032 4265 τῇ
1047 4172 1162 4262 Νεμέᾳ
1182 4171 1237 4240 καὶ

129 4288 169 4372 τῇ
194 4281 408 4370 Τιμησάρχου
429 4280 526 4371 πάλη.
