2894 4890
1159 377 1220 438 219

651 547 681 606 9.

196 664 293 739 01.ς
323 665 363 724 55
391 655 547 726 άνασσε
576 658 779 745 Φαισάνᾳ·
810 658 1142 746 Δίδυμόςφησιν,
1168 659 1220 728 ὅτι

112 761 234 839 πάντες
263 764 297 827 οί
322 756 677 846 ὑπομνηματισάμενοι
706 761 882 827 Φαισάναν
913 760 1016 845 φασὶν
1051 759 1135 828 εἶναι
1164 769 1222 847 τῆς

109 863 284 948 Ἀρκαδίας
309 860 418 928 πόλιν.
470 859 573 941 αὐτὸς
602 865 641 928 δέ
668 880 773 947 φησιν
802 859 887 928 εἶναι
915 869 974 947 τῆς
992 858 1140 943 Ἠλιαίας
1167 868 1222 931 καὶ

113 971 333 1050 παρατίθεται
352 961 483 1049 Ἴστρον
514 967 715 1047 ἱστοροῦντα
740 965 778 1029 ἐν
805 970 844 1051 τῇ
871 965 1001 1050 πέμπτῃ
1022 971 1091 1030 τῶν
1110 963 1222 1032 Ἠλια-

113 1072 193 1133 κῶν.
239 1061 312 1149 ἥτοι
339 1057 403 1130 ούυ
431 1069 603 1148 Πίνδαρος
633 1063 809 1148 ψεύδεται,
837 1059 858 1149 ἢ
885 1063 941 1131 διά
970 1064 1007 1132 τὸ
1031 1064 1094 1150 τὴν
1112 1073 1223 1134 Πίσαν

113 1165 180 1234 ύπδ
203 1179 272 1244 τοῖς
288 1163 422 1250 Ἀρκάσι
446 1163 526 1232 ποτὲ
555 1168 715 1250 γενέσθαι
741 1165 934 1250 βασιλεύειν
953 1169 1035 1250 φησὶ
1057 1173 1114 1251 τῆς
1137 1174 1222 1234 Φαι-
1272 1181 1273 1188 ’

112 1271 225 1352 σάνης.
273 1271 362 1333 Vrat.
390 1269 437 1333 A..
460 1255 611 1334 'Vilioris
640 1271 751 1356 pretii,
783 1293 978 1356 quamquam
1010 1271 1220 1354 simillimum,

113 1371 259 1436 scholion
292 1381 341 1435 est
376 1381 470 1434 vetus
499 1371 646 1435 altorum.
701 1372 793 1435 Litas
831 1382 978 1436 veterum
1010 1374 1223 1458 interpretum

114 1474 278 1559 componit
299 1473 486 1537 Boeckhius
508 1472 595 1559 cxpl.
620 1474 714 1537 Pind.
738 1498 770 1559 p.
788 1479 846 1538 157
869 1474 1002 1539 Curtius
1014 1474 1223 1562 Peloponn.I

113 1598 146 1661 p.
170 1578 242 1639 340.

444 1705 449 1710 -
650 1662 698 1723 10.

199 1777 246 1841 ib.
269 1780 328 1839 115
360 1771 513 1857 σεμνὸν
535 1772 1124 1862 θάλοςἈλκαϊδάν·,Δίδυμός
1140 1795 1223 1862 φησι

115 1877 159 1962 μὴ
191 1876 356 1956 σώζεσθαι
388 1873 448 1942 τὸν
485 1875 605 1959 λόγον·
635 1873 695 1942 τὸν
729 1876 792 1962 γάρ
810 1875 973 1963 Ἡρακλέα
1000 1877 1105 1956 θάλος
1132 1875 1225 1945 εἶπεν

113 1976 288 2045 Ἀλκαϊδᾶν
312 1975 377 2043 άπό
403 1973 674 2062 Ἀμφιτρύωνος,
702 1975 740 2057 δς
767 1971 810 2063 ἦν
831 1982 984 2047 Ἀλκαίου
1014 1993 1099 2058 παῖς.
1144 1984 1225 2059 ἔθος

117 2081 152 2147 δὲ
180 2085 227 2169 τῷ
254 2079 415 2167 Πινδάρῳ
443 2077 527 2145 κατὰ
555 2085 618 2145 τοῦ
646 2080 721 2158 ένός
748 2081 885 2148 τάσσειν
913 2083 950 2147 τὸ
979 2082 1222 2165 πληθυντικόν.

117 2187 207 2249 Vrat.
230 2186 270 2247 A.
317 2183 488 2247 ‘Conicias
511 2182 686 2247 delendum
708 2206 779 2248 esse
799 2182 844 2266 μή
867 2193 942 2248 anto
961 2184 1098 2248 verbum
1123 2180 1224 2261 σῶζε-

117 2293 228 2352 σθαι.’
272 2286 458 2352 Boeckhius
480 2308 512 2370 p.
539 2290 608 2350 146.
653 2285 727 2350 Non
747 2287 877 2352 accedo.

641 2455 709 2518 10¹².

202 2574 247 2638 ib.
274 2575 332 2636 158
361 2567 545 2658 σκάπτῳ·
566 2565 846 2656 Ἀρίσταρχος·
870 2583 939 2648 τοῖς
960 2567 1042 2636 κατά
1064 2571 1123 2638 τὸν
1145 2573 1225 2657 χρό-

19 2705 23 2711 ·
119 2699 181 2740 νον
215 2678 334 2756 εἰπεῖν,
373 2669 579 2738 ἐπικελεύων
604 2678 673 2738 τῶν
706 2698 742 2738 τε
770 2677 1005 2754 Συρακουσῶν
1033 2677 1224 2756 μεμνῆσθαι

119 2776 173 2841 καί
197 2779 254 2858 τῆς
266 2770 447 2862 Ὀρτυγίας.
493 2770 578 2856 αὕτη
604 2776 643 2839 δέ
669 2774 737 2839 ἐστι
767 2773 931 2858 προσεχὴς
953 2786 1023 2850 ταῖς
1041 2772 1224 2856 Συρακού-

119 2892 193 2951 σαις
222 2877 323 2956 νῆσος
353 2872 407 2936 καὶ
435 2867 618 2955 άχῶματος.
670 2869 688 2936 ὁ
717 2869 754 2936 δὲ
784 2922 791 2936 .
817 2921 824 2935 .
849 2919 886 2935 ..
916 2866 971 2935 διά
999 2866 1059 2935 τὸν
1081 2867 1224 2958 Ἱέρωνα,

119 2977 188 3041 ἐπεὶ
215 2971 352 3038 άνωθεν
381 2974 417 3038 ἐκ
446 2971 625 3057 προγόνων
655 2971 857 3057 ἱεροφάντης
884 2984 959 3036 ταῖν
981 2982 1079 3038 θεοῖν
1101 2968 1226 3038 άποδέ-

119 3079 255 3141 δεικται.
307 3073 346 3140 τά
380 3073 581 3158 προκείμενά
611 3093 716 3159 φησιν
743 3071 761 3139 ὁ
794 3124 830 3137 ..
856 3125 862 3138 .
887 3125 894 3136 .
925 3073 979 3139 καὶ
1006 3079 1226 3158 παρατίθεται
1310 3093 1313 3098 ·

119 3179 159 3242 τά
176 3181 339 3244 Φιλίστου
359 3176 413 3242 καὶ
435 3175 475 3242 τά
502 3181 652 3260 Τιμαίου.
699 3187 709 3216 ‘
717 3177 784 3242 Ubi
806 3177 954 3242 lacunam
978 3181 1088 3263 posui,
1118 3180 1152 3241 in
1175 3201 1226 3244 co-

120 3282 191 3344 dice
215 3289 264 3343 est
284 3281 464 3360 Πίνδαρος.
509 3279 660 3362 Fuit,·ut
682 3279 796 3362 credo,
819 3280 1000 3360 Δίδυμος.’
1037 3281 1224 3344 Boockhius

118 3406 150 3468 p.
175 3386 234 3446 153
252 3380 404 3445 Mueller.
428 3380 468 3446 fr.
492 3381 568 3445 hist.
590 3381 648 3446 Gr.
671 3381 737 3446 vol.
760 3382 776 3444 I
796 3404 828 3467 p.
851 3382 912 3443 215
938 3380 979 3445 fr.
998 3385 1050 3445 91.

647 3573 695 3633 11.

204 3683 311 3765 Sphol.
340 3684 392 3748 Ol.
423 3690 450 3749 Z
479 3689 519 3748 24
559 3687 931 3767 τρίπολιυνάσον·
960 3681 1021 3767 τὴν
1045 3682 1159 3750 Ῥόδον
1183 3725 1225 3734 -
1308 3685 1312 3692 ’

120 3788 308 3866 Δίδυμος
341 3784 386 3847 δέ
403 3801 502 3866 φησι
535 3783 589 3847 καλ
626 3781 903 3866 τετάρτηνεῖναι
934 3783 1033 3849 πόλιν
1064 3782 1124 3866 τὴν
1159 3788 1226 3846 νύν

116 3883 255 3968 Ἀχαιῶν
276 3886 497 3968 καλουμένην.
521 3887 612 3950 Vrat.
636 3889 677 3950 A.
723 3887 776 3951 Of.
799 3889 873 3955 Liv.
900 3887 1040 3950 XXXII
1062 3889 1113 3949 23.
1137 3885 1222 3948 Plin.

118 3990 149 4052 h.
173 4011 205 4052 n.
228 3988 259 4050 V
282 3991 324 4050 36
344 3995 410 4051 tres
432 3995 558 4051 tantum
584 3987 681 4052 urbes
705 3991 851 4074 cognitas
874 3988 982 4052 habet.

649 4177 697 4237 12.

202 4289 247 4355 ib.
282 4291 341 4351 153
372 4311 404 4374 p.
428 4263 497 4353 ἰιι
533 4291 698 4372 Πολέμων
734 4289 771 4353 a
800 4292 846 4376 τῷ
878 4287 954 4372 περ
983 4290 1051 4352 τοι
1073 4248 1224 4373 oppam
