2866 4882
130 352 190 414 294

132 510 288 598 κειρύλος
309 511 383 577 4411.
407 509 508 575 schol.
532 508 619 574 Avv.
643 509 720 594 300)
749 507 972 572 Chaeridis
1001 511 1043 592 (s.
1066 531 1098 571 v.
1122 503 1247 590 κήθειοι

134 615 207 681 4411.
226 614 347 698 Vespp.
370 614 431 676 672
451 611 571 675 Athen.
587 608 639 672 XI
661 632 693 694 p.
710 613 771 672 477
784 607 825 694 C)
851 609 971 694 (Rann.
988 609 1085 692 1000)
1105 604 1247 672 vAscle-

133 713 268 803 piadis
282 712 554 775 Alexandrini
570 717 610 797 (s.
621 733 652 775 4.
668 711 1015 792 κολακοφοροκλείὸης
1031 708 1106 773 4411.
1119 709 1245 795 Vespp.

134 819 196 880 592
225 812 369 878 Meinek.
394 812 485 876 Com.
509 813 567 876 Gr.
590 811 625 876 II
652 833 685 896 p.
708 811 769 872 394
800 810 915 874 Lehrs.
951 810 1049 874 anall.
1086 809 1186 874 Alex.
1214 833 1247 896 p.

134 919 196 981 445
217 936 288 1000 sqq.
307 951 350 960 -
371 909 573 974 Nicandrum
596 910 695 974 semel
717 909 884 974 laudatum
907 912 991 998 qu.
1016 916 1095 994 400,
1118 912 1159 976 44
1183 935 1248 999 quo

135 1018 204 1082 414.
223 1015 338 1078 Meier.
360 1033 474 1077 comm.
495 1010 621 1074 Andoc.
644 1011 727 1074 vla
748 1034 780 1097 p.
803 1029 883 1095 vm,
909 1013 1114 1076 Demetrium
1141 1014 1248 1078 Zeno-

137 1117 268 1183 doteum
294 1114 336 1178 ad
364 1113 441 1176 Pac.
472 1112 549 1191 123,
579 1110 821 1194 Tyrannionem
849 1113 892 1177 ad
914 1114 1021 1176 Rann.
1047 1117 1128 1177 1337
1159 1113 1248 1200 (Pla-

136 1240 205 1282 ner.
228 1238 260 1302 p.
283 1216 335 1298 8),
366 1222 463 1298 atque
483 1209 691 1273 Demetrium
716 1210 798 1274 4444
823 1212 1038 1277 Troezenium
1069 1212 1204 1298 (Athen.
1231 1214 1248 1277 I

137 1342 169 1405 p.
194 1316 292 1396 29A‚
314 1315 342 1377 si
358 1311 514 1397 temporis
536 1309 695 1372 rationem
716 1306 853 1393 habeas,
875 1314 1036 1400 inspicere
1058 1324 1171 1378 noster
1191 1337 1248 1402 po-

137 1425 232 1483 terat.
281 1415 334 1477 De
363 1410 529 1496 Antipatri
556 1407 813 1495 hypomnematis
843 1412 942 1498 (Avv.
970 1414 1065 1500 1403)
1096 1437 1116 1478 4
1137 1416 1248 1501 Koep-

137 1520 282 1583 hicnon
305 1511 451 1578 tractatis
474 1531 540 1573 non
562 1512 667 1594 magis
697 1509 800 1573 habco
820 1512 907 1595 quod
923 1513 1039 1596 dicam,
1062 1537 1160 1601 quam
1175 1517 1248 1602 quis

137 1617 319 1702 Dionysius
348 1612 499 1696 Zopyrus
520 1609 607 1673 Avv.
644 1613 724 1673 1297
759 1609 996 1693 intellegendus
1029 1616 1081 1678 sit.
1132 1617 1250 1679 Restat

139 1714 419 1803 Euphronius,
442 1732 538 1796 quem
559 1710 599 1774 Ο.
613 1710 803 1774 Schneider.
824 1733 856 1794 p.
871 1711 911 1772 87
932 1712 1087 1778 Dindorf.
1111 1714 1177 1779 vol.
1193 1717 1248 1780 III

138 1843 171 1906 p.
184 1819 241 1881 391
262 1811 422 1878 Crerhard.
439 1811 479 1874 de
495 1810 676 1874 Aristarch.
691 1809 796 1896 praef.
815 1833 847 1895 p.
860 1827 911 1893 111,
930 1813 1119 1897 imprudens
1140 1838 1247 1901 gram-

140 1917 252 1982 matici
281 1914 359 1977 satis
388 1912 519 1996 ieiuni¹)
550 1910 713 1992 laudator,
744 1912 958 1975 recentiorem
975 1911 1119 1998 Didymo
1144 1917 1249 1984 141444

139 2011 273 2105 putant,
308 2013 459 2099 equidem
490 2033 568 2075 vero
598 2012 784 2095 cognomini
817 2031 888 2074 meo
914 2010 1056 2078 Radulfo
1082 2015 1122 2079 44
1151 2018 1250 2084 Calli-

141 2125 242 2184 strato
264 2138 297 2201 p.
311 2117 347 2177 21
375 2121 407 2177 41
429 2113 579 2176 Nauckio
601 2109 641 2172 de
664 2111 722 2174 Ar.
737 2110 818 2195 Byz.
841 2114 906 2197 p.2
930 2135 962 2175 n.
985 2112 1082 2176 facile
1105 2121 1249 2184 concedo

139 2218 193 2283 441
210 2218 297 2280 ultra
310 2215 495 2278 Aristarchi
515 2223 662 2297 tempora
681 2212 882 2274 reiciendum
898 2211 939 2275 ab
954 2212 1166 2296 Euphronide
1178 2220 1252 2284 Ari-
1288 2267 1292 2275 -

141 2318 308 2404 stephanis
341 2315 499 2398 magistro
532 2335 597 2377 non
627 2313 793 2375 diversum
821 2333 902 2374 esse.
955 2313 1054 2377 Cuius
1087 2319 1251 2403 opinionis

140 2418 366 2483 fulcimentum
393 2424 523 2499 praeter
553 2413 659 2498 ipsum
685 2414 963 2498 interpretationis
993 2437 1096 2498 genus
1124 2418 1254 2486 levissi-

141 2539 230 2582 mum
253 2537 319 2580 non
340 2513 504 2588 infirmum
524 2512 585 2576 hoc
608 2522 665 2594 est,
689 2512 775 2598 quod
795 2515 986 2600 saepissime
1009 2520 1097 2582 etin
1118 2520 1252 2587 scholiis

141 2627 174 2682 et
200 2617 280 2681 alibi
301 2615 511 2701 Euphronius
543 2616 606 2677 iste
634 2635 708 2676 cum
731 2612 918 2680 Callistrato
940 2618 1181 2704 Aristophaneo
1207 2624 1254 2687 ita

141 2719 346 2784 consociatus
376 2713 572 2800 appellatur,
603 2715 702 2777 semel
731 2715 829 2776 etiam
852 2737 918 2779 una
942 2739 1015 2782 oum
1044 2720 1253 2788 Artemidoro

140 2818 395 2904 Aristophaneo,
426 2836 487 2878 nec
515 2837 581 2878 non
611 2836 684 2878 cum
708 2812 844 2879 Seleuco
865 2817 1078 2885 Aristarcheo
1100 2831 1132 2886 et
1155 2822 1254 2888 Calli·

142 2921 292 3004 strato¹),
321 2926 358 2981 ut
378 2938 437 3002 per
457 2914 680 2980 Callistratum
704 2917 772 2979 eius
799 2919 956 2982 memoria
975 2931 1158 3006 propagata
1180 2946 1254 2990 esse

141 3022 303 3085 videatur.
347 3018 432 3081 Nam
450 3017 535 3080 Plut.
556 3019 618 3082 385
640 3018 888 3100 Καλλίστρατος
910 3017 1034 3085 44441
1057 3017 1254 3105 Εὐφρόνιος

141 3121 325 3205 τραγῳδίας
347 3112 489 3199 ποιητήν
511 3133 594 3199 φασι
623 3119 753 3202 saepius
781 3119 847 3181 iam
875 3118 993 3185 hocin
1015 3121 1099 3188 libro
1118 3125 1254 3190 adnota-

141 3221 248 3284 vimus
272 3219 319 3281 sic
336 3218 422 3280 verti
443 3216 580 3281 debere:
603 3216 842 3303 ‘Euphronius
861 3210 915 3284 'cui
936 3221 1142 3288 Callistratus
1164 3229 1254 3292 testi-

141 3319 285 3383 monium
315 3317 491 3381 denunciat
523 3324 555 3380 et
587 3318 657 3401 ipse
683 3316 889 3383 Callistratus
899 3330 920 3385 '.
962 3323 1125 3388 Accurate
1152 3326 1254 3411 igitur

141 3426 254 3482 auctor
282 3407 383 3481 schol.
406 3416 528 3502 Vespp.
553 3419 614 3479 602
642 3411 838 3500 Εὐφρόνιος
860 3421 922 3504 μὲν
942 3462 986 3474 -
1005 3427 1254 3508 Καλλίστρατος

140 3516 188 3580 di.
222 3513 309 3594 Quid
329 3537 437 3602 porro,
458 3537 500 3579 ne
523 3516 564 3580 de
586 3524 692 3580 aetate
714 3517 855 3581 hominis
878 3518 1018 3603 dubites,
1041 3522 1128 3607 quod
1153 3523 1254 3588 Calli-

140 3617 291 3682 machum
318 3619 353 3680 in
380 3615 465 3681 libro
494 3615 570 3700 περὶ
602 3612 730 3700 ὀρνέων
758 3618 949 3704 Euphronio
973 3621 1029 3684 isti
1056 3621 1132 3685 data
1146 3645 1263 3709 opera

141 3717 328 3783 oblocutum
353 3739 424 3782 4444
444 3739 511 3782 444
531 3720 640 3804 inepte
658 3718 801 3782 conicias
826 3741 843 3782 4
862 3719 962 3784 schol.
982 3722 1069 3785 Avv.
1094 3725 1156 3787 766
1180 3719 1254 3788 Εὐ-

141 3815 285 3902 φρόνιός
306 3835 390 3901 φησι
412 3816 551 3884 πάππον
571 3813 695 3902 ὅρνεόν
713 3842 745 3883 τι
769 3815 853 3885 εἶναι
872 3859 915 3869 -
938 3825 1164 3907 Καλλίμαχος·
1189 3819 1254 3888 οὐκ

143 3973 144 3976 ¹
209 3986 238 4051 1)
264 3988 365 4051 Quales
384 3981 652 4054 αὖτοσχεὸιοὶζοντοις
671 3991 808 4058 appellare
826 3993 968 4043 consuevit
985 3995 1128 4060 Didymus.
1165 3995 1254 4045 Inter-

138 4075 300 4140 pretationis
318 4075 435 4126 vitiosae
453 4076 605 4141 exemplum
624 4079 763 4142 egregium
783 4078 867 4128 habes
884 4080 919 4129 ad
933 4081 1022 4131 Rann.
1036 4081 1087 4132 305
1105 4081 1174 4130 Avv.
1187 4081 1250 4132 873.

93 4199 95 4202 .
207 4160 237 4225 2)
261 4159 333 4211 Plut.
350 4160 400 4211 385
422 4161 492 4211 Avv.
511 4161 571 4212 934.
591 4161 651 4212 998.
673 4161 741 4213 1378
763 4165 864 4228 Vespp.
887 4164 948 4218 804.
966 4163 1017 4217 690
1039 4166 1118 4216 Phot.
1141 4165 1199 4230 lot,
1218 4167 1248 4218 11

139 4243 236 4312 (Hes.)
256 4272 291 4283 —
309 4248 409 4311 Vespp.
430 4246 498 4299 1139
516 4273 550 4282 -
567 4247 666 4297 Athen.
686 4249 726 4298 XI
745 4266 772 4314 p.
791 4250 843 4301 495
855 4250 885 4300 C.
