<?xml version="1.0" encoding="UTF-8"?>
<!DOCTYPE html PUBLIC "-//W3C//DTD XHTML 1.0 Transitional//EN"
    "http://www.w3.org/TR/xhtml1/DTD/xhtml1-transitional.dtd">
<html xmlns="http://www.w3.org/1999/xhtml" xml:lang="en" lang="en">
 <head>
  <title>
</title>
<meta http-equiv="Content-Type" content="text/html;charset=utf-8" />
  <meta name='ocr-system' content='tesseract 3.04.00' />
  <meta name='ocr-capabilities' content='ocr_page ocr_carea ocr_par ocr_line ocrx_word'/>
</head>
<body>
  <div class='ocr_page' id='page_1' title='image "./didymichalcente01schmgoog_0139.png"; bbox 0 0 2752 4890; ppageno 0'>
   <div class='ocr_carea' id='block_1_1' title="bbox 122 332 802 418">
    <p class='ocr_par' dir='ltr' id='par_1_1' title="bbox 122 332 802 418">
     <span class='ocr_line' id='line_1_1' title="bbox 122 332 802 418; baseline 0.007 -5"><span class='ocrx_word' id='word_1_1' title='bbox 122 332 212 414; x_wconf 77' lang='grc' dir='ltr'><strong><em>ἰιι</em></strong></span> <span class='ocrx_word' id='word_1_2' title='bbox 606 343 802 418; x_wconf 67' lang='grc' dir='ltr'><strong><em>’.ι-</em></strong></span> 
     </span>
    </p>
   </div>
   <div class='ocr_carea' id='block_1_2' title="bbox 150 516 1271 1231">
    <p class='ocr_par' dir='ltr' id='par_1_2' title="bbox 150 516 1271 913">
     <span class='ocr_line' id='line_1_2' title="bbox 236 516 1270 609; baseline 0.012 -29"><span class='ocrx_word' id='word_1_3' title='bbox 236 517 309 582; x_wconf 81' lang='grc'>593.</span> <span class='ocrx_word' id='word_1_4' title='bbox 329 517 417 596; x_wconf 80' lang='grc' dir='ltr'><strong><em>τινές</em></strong></span> <span class='ocrx_word' id='word_1_5' title='bbox 438 516 476 585; x_wconf 75' lang='grc' dir='ltr'><strong><em>δὲ</em></strong></span> <span class='ocrx_word' id='word_1_6' title='bbox 497 523 739 603; x_wconf 87' lang='grc' dir='ltr'><strong><em>μεταποιούσιν</em></strong></span> <span class='ocrx_word' id='word_1_7' title='bbox 760 521 800 600; x_wconf 87' lang='grc' dir='ltr'><strong><em>ές</em></strong></span> <span class='ocrx_word' id='word_1_8' title='bbox 815 527 1003 608; x_wconf 80' lang='grc' dir='ltr'><strong><em>Λῆμνον·</em></strong></span> <span class='ocrx_word' id='word_1_9' title='bbox 1025 518 1101 590; x_wconf 77' lang='grc' dir='ltr'><strong><em>ἀλλ’</em></strong></span> <span class='ocrx_word' id='word_1_10' title='bbox 1126 517 1145 588; x_wconf 85' lang='grc' dir='ltr'>ὁ</span> <span class='ocrx_word' id='word_1_11' title='bbox 1168 546 1270 609; x_wconf 87' lang='grc' dir='ltr'><strong><em>ποιη-</em></strong></span> 
     </span>
     <span class='ocr_line' id='line_1_3' title="bbox 150 613 1268 715; baseline 0.008 -31"><span class='ocrx_word' id='word_1_12' title='bbox 150 613 210 704; x_wconf 78' lang='grc' dir='ltr'><strong><em>τὴς</em></strong></span> <span class='ocrx_word' id='word_1_13' title='bbox 227 621 345 703; x_wconf 82' lang='grc' dir='ltr'><strong><em>χρῆται</em></strong></span> <span class='ocrx_word' id='word_1_14' title='bbox 366 623 412 708; x_wconf 78' lang='grc' dir='ltr'><strong><em>τῷ</em></strong></span> <span class='ocrx_word' id='word_1_15' title='bbox 434 616 577 710; x_wconf 75' lang='grc' dir='ltr'><strong><em>τοιούτῳ</em></strong></span> <span class='ocrx_word' id='word_1_16' title='bbox 598 620 739 708; x_wconf 84' lang='grc' dir='ltr'><strong><em>σχήματι</em></strong></span> <span class='ocrx_word' id='word_1_17' title='bbox 769 625 825 692; x_wconf 65' lang='grc' dir='ltr'><strong><em>*έν</em></strong></span> <span class='ocrx_word' id='word_1_18' title='bbox 843 619 875 690; x_wconf 92' lang='grc' dir='ltr'><strong><em>δ’</em></strong></span> <span class='ocrx_word' id='word_1_19' title='bbox 902 619 994 692; x_wconf 83' lang='grc' dir='ltr'><strong><em>έπεσ’</em></strong></span> <span class='ocrx_word' id='word_1_20' title='bbox 1010 619 1179 715; x_wconf 77' lang='grc' dir='ltr'><strong><em>Ὠκεανῷ’</em></strong></span> <span class='ocrx_word' id='word_1_21' title='bbox 1212 627 1268 714; x_wconf 73' lang='grc' dir='ltr'>(ΙΙ.</span> 
     </span>
     <span class='ocr_line' id='line_1_4' title="bbox 151 715 1271 815; baseline 0.007 -29"><span class='ocrx_word' id='word_1_22' title='bbox 151 723 292 806; x_wconf 79' lang='grc'>0485),</span> <span class='ocrx_word' id='word_1_23' title='bbox 321 715 512 788; x_wconf 67' lang='grc' dir='ltr'><strong><em>’κάππεσεν</em></strong></span> <span class='ocrx_word' id='word_1_24' title='bbox 536 721 575 787; x_wconf 88' lang='grc' dir='ltr'><strong><em>έν</em></strong></span> <span class='ocrx_word' id='word_1_25' title='bbox 603 727 751 812; x_wconf 82' lang='grc' dir='ltr'><strong><em>τονίῃσι’</em></strong></span> <span class='ocrx_word' id='word_1_26' title='bbox 781 726 835 813; x_wconf 73' lang='grc' dir='ltr'>(ΙΙ.</span> <span class='ocrx_word' id='word_1_27' title='bbox 860 732 889 792; x_wconf 91' lang='grc'><em>0</em></span> <span class='ocrx_word' id='word_1_28' title='bbox 912 729 1007 812; x_wconf 82' lang='grc'>538),</span> <span class='ocrx_word' id='word_1_29' title='bbox 1037 731 1124 815; x_wconf 63' lang='grc' dir='ltr'><strong><em>*θοῇ</em></strong></span> <span class='ocrx_word' id='word_1_30' title='bbox 1151 726 1190 794; x_wconf 92' lang='grc' dir='ltr'><strong><em>έν</em></strong></span> <span class='ocrx_word' id='word_1_31' title='bbox 1210 729 1271 812; x_wconf 81' lang='grc' dir='ltr'><strong><em>νηῒ</em></strong></span> 
     </span>
     <span class='ocr_line' id='line_1_5' title="bbox 151 819 976 913; baseline 0.002 -23"><span class='ocrx_word' id='word_1_32' title='bbox 151 821 310 910; x_wconf 58' lang='grc' dir='ltr'><strong><em>πέσῃσιν</em></strong></span> <span class='ocrx_word' id='word_1_33' title='bbox 334 822 400 909; x_wconf 84' lang='grc'>(15,</span> <span class='ocrx_word' id='word_1_34' title='bbox 424 823 511 910; x_wconf 89' lang='grc'>624).</span> <span class='ocrx_word' id='word_1_35' title='bbox 536 819 645 903; x_wconf 85' lang='grc' dir='ltr'><strong><em>ούτυς</em></strong></span> <span class='ocrx_word' id='word_1_36' title='bbox 663 820 883 913; x_wconf 93' lang='grc' dir='ltr'><strong><em>Ἀρίσταρχος.</em></strong></span> <span class='ocrx_word' id='word_1_37' title='bbox 906 829 948 894; x_wconf 91' lang='grc' dir='ltr'><strong><em>Α.</em></strong></span> <span class='ocrx_word' id='word_1_38' title='bbox 975 889 976 892; x_wconf 74' lang='grc'>,</span> 
     </span>
    </p>

    <p class='ocr_par' dir='ltr' id='par_1_3' title="bbox 150 936 1268 1231">
     <span class='ocr_line' id='line_1_6' title="bbox 237 936 1268 1031; baseline 0.009 -28"><span class='ocrx_word' id='word_1_39' title='bbox 237 941 310 1005; x_wconf 85' lang='grc'>598.</span> <span class='ocrx_word' id='word_1_40' title='bbox 337 936 542 1023; x_wconf 81' lang='grc' dir='ltr'><strong><em>οἰνοχόει·</em></strong></span> <span class='ocrx_word' id='word_1_41' title='bbox 566 938 675 1023; x_wconf 82' lang='grc' dir='ltr'><strong><em>οὕτως</em></strong></span> <span class='ocrx_word' id='word_1_42' title='bbox 696 942 844 1031; x_wconf 89' lang='grc' dir='ltr'><strong><em>οίνοχύ</em></strong></span> <span class='ocrx_word' id='word_1_43' title='bbox 852 969 887 1012; x_wconf 87' lang='grc' dir='ltr'><strong><em>ει</em></strong></span> <span class='ocrx_word' id='word_1_44' title='bbox 911 942 1123 1031; x_wconf 79' lang='grc' dir='ltr'><strong><em>Ἀρίσταρχος</em></strong></span> <span class='ocrx_word' id='word_1_45' title='bbox 1142 942 1268 1027; x_wconf 77' lang='grc' dir='ltr'><strong><em>Ἰακυῖς.</em></strong></span> 
     </span>
     <span class='ocr_line' id='line_1_7' title="bbox 150 1035 1268 1138; baseline 0.009 -32"><span class='ocrx_word' id='word_1_46' title='bbox 150 1040 206 1108; x_wconf 79' lang='grc' dir='ltr'><strong><em>καί</em></strong></span> <span class='ocrx_word' id='word_1_47' title='bbox 226 1038 264 1107; x_wconf 92' lang='grc' dir='ltr'><strong><em>έν</em></strong></span> <span class='ocrx_word' id='word_1_48' title='bbox 285 1044 327 1129; x_wconf 80' lang='grc' dir='ltr'><strong><em>τῇ</em></strong></span> <span class='ocrx_word' id='word_1_49' title='bbox 342 1035 518 1132; x_wconf 76' lang='grc' dir='ltr'><strong><em>Ἀργολικῇ</em></strong></span> <span class='ocrx_word' id='word_1_50' title='bbox 542 1044 598 1110; x_wconf 81' lang='grc' dir='ltr'><strong><em>καὶ</em></strong></span> <span class='ocrx_word' id='word_1_51' title='bbox 618 1051 883 1136; x_wconf 82' lang='grc' dir='ltr'><strong><em>Μασσαλιυτικῇ</em></strong></span> <span class='ocrx_word' id='word_1_52' title='bbox 905 1046 960 1115; x_wconf 81' lang='grc' dir='ltr'><strong><em>καὶ</em></strong></span> <span class='ocrx_word' id='word_1_53' title='bbox 975 1043 1189 1138; x_wconf 81' lang='grc' dir='ltr'><strong><em>Ἀντιμαχείῳ</em></strong></span> <span class='ocrx_word' id='word_1_54' title='bbox 1211 1049 1268 1117; x_wconf 78' lang='grc' dir='ltr'><strong><em>καί</em></strong></span> 
     </span>
     <span class='ocr_line' id='line_1_8' title="bbox 151 1138 907 1231; baseline 0.011 -25"><span class='ocrx_word' id='word_1_55' title='bbox 151 1139 190 1206; x_wconf 87' lang='grc' dir='ltr'><strong><em>έν</em></strong></span> <span class='ocrx_word' id='word_1_56' title='bbox 207 1143 252 1228; x_wconf 72' lang='grc' dir='ltr'><strong><em>,τῇ</em></strong></span> <span class='ocrx_word' id='word_1_57' title='bbox 273 1138 469 1226; x_wconf 87' lang='grc' dir='ltr'><strong><em>Ζηνοδύτου</em></strong></span> <span class='ocrx_word' id='word_1_58' title='bbox 491 1145 545 1210; x_wconf 81' lang='grc' dir='ltr'><strong><em>καὶ</em></strong></span> <span class='ocrx_word' id='word_1_59' title='bbox 565 1139 839 1231; x_wconf 79' lang='grc' dir='ltr'><strong><em>Ἀριστοφάνους.</em></strong></span> <span class='ocrx_word' id='word_1_60' title='bbox 865 1149 907 1214; x_wconf 91' lang='grc' dir='ltr'><strong><em>Α.</em></strong></span> 
     </span>
    </p>
   </div>
   <div class='ocr_carea' id='block_1_3' title="bbox 150 1250 1342 1554">
    <p class='ocr_par' dir='ltr' id='par_1_4' title="bbox 150 1250 1342 1554">
     <span class='ocr_line' id='line_1_9' title="bbox 237 1250 1270 1355; baseline 0.007 -27"><span class='ocrx_word' id='word_1_61' title='bbox 237 1265 310 1328; x_wconf 87' lang='grc'>607.</span> <span class='ocrx_word' id='word_1_62' title='bbox 333 1250 419 1347; x_wconf 78' lang='grc' dir='ltr'><strong><em>ἧχι·</em></strong></span> <span class='ocrx_word' id='word_1_63' title='bbox 440 1257 653 1350; x_wconf 84' lang='grc' dir='ltr'><strong><em>Ἀρίσταρχος</em></strong></span> <span class='ocrx_word' id='word_1_64' title='bbox 670 1260 708 1332; x_wconf 89' lang='grc' dir='ltr'><strong><em>τδ</em></strong></span> <span class='ocrx_word' id='word_1_65' title='bbox 731 1253 753 1350; x_wconf 73' lang='grc' dir='ltr'><em>ἦ</em></span> <span class='ocrx_word' id='word_1_66' title='bbox 760 1289 799 1349; x_wconf 92' lang='grc' dir='ltr'><strong><em>χι</em></strong></span> <span class='ocrx_word' id='word_1_67' title='bbox 818 1267 918 1350; x_wconf 79' lang='grc' dir='ltr'><strong><em>χωρὶς</em></strong></span> <span class='ocrx_word' id='word_1_68' title='bbox 939 1269 1001 1332; x_wconf 88' lang='grc' dir='ltr'><strong><em>τού</em></strong></span> <span class='ocrx_word' id='word_1_69' title='bbox 1021 1293 1033 1332; x_wconf 89' lang='grc' dir='ltr'><strong><em>ι</em></strong></span> <span class='ocrx_word' id='word_1_70' title='bbox 1053 1266 1188 1355; x_wconf 86' lang='grc' dir='ltr'><strong><em>γράφει,</em></strong></span> <span class='ocrx_word' id='word_1_71' title='bbox 1211 1270 1270 1336; x_wconf 80' lang='grc' dir='ltr'><strong><em>καὶ</em></strong></span> 
     </span>
     <span class='ocr_line' id='line_1_10' title="bbox 151 1359 1342 1455; baseline 0.003 -22"><span class='ocrx_word' id='word_1_72' title='bbox 151 1360 347 1443; x_wconf 88' lang='grc' dir='ltr'><strong><em>Διονύσιος.</em></strong></span> <span class='ocrx_word' id='word_1_73' title='bbox 382 1367 603 1449; x_wconf 77' lang='grc' dir='ltr'><strong><em>παρατίθεται</em></strong></span> <span class='ocrx_word' id='word_1_74' title='bbox 625 1365 662 1433; x_wconf 80' lang='grc' dir='ltr'><strong><em>δὲ</em></strong></span> <span class='ocrx_word' id='word_1_75' title='bbox 684 1359 702 1433; x_wconf 88' lang='grc' dir='ltr'>ὁ</span> <span class='ocrx_word' id='word_1_76' title='bbox 732 1366 919 1446; x_wconf 87' lang='grc' dir='ltr'><strong><em>Διονύσιος</em></strong></span> <span class='ocrx_word' id='word_1_77' title='bbox 941 1369 1022 1449; x_wconf 89' lang='grc' dir='ltr'><strong><em>τούς</em></strong></span> <span class='ocrx_word' id='word_1_78' title='bbox 1043 1375 1190 1455; x_wconf 79' lang='grc' dir='ltr'><strong><em>Δωριεῖς</em></strong></span> <span class='ocrx_word' id='word_1_79' title='bbox 1211 1374 1270 1438; x_wconf 74' lang='grc' dir='ltr'><strong><em>λε’·</em></strong></span> <span class='ocrx_word' id='word_1_80' title='bbox 1339 1411 1342 1416; x_wconf 95' lang='grc'><strong>-</strong></span> 
     </span>
     <span class='ocr_line' id='line_1_11' title="bbox 150 1456 433 1554; baseline -0.011 -19"><span class='ocrx_word' id='word_1_81' title='bbox 150 1490 272 1554; x_wconf 89' lang='grc' dir='ltr'><strong><em>γοντας</em></strong></span> <span class='ocrx_word' id='word_1_82' title='bbox 292 1456 370 1551; x_wconf 85' lang='grc' dir='ltr'><strong><em>άχι.</em></strong></span> <span class='ocrx_word' id='word_1_83' title='bbox 391 1467 433 1532; x_wconf 99' lang='lat' dir='ltr'><strong><em>A.</em></strong></span> 
     </span>
    </p>
   </div>
   <div class='ocr_carea' id='block_1_4' title="bbox 686 1647 724 1714">
    <p class='ocr_par' dir='ltr' id='par_1_5' title="bbox 686 1647 724 1714">
     <span class='ocr_line' id='line_1_12' title="bbox 686 1647 724 1714; baseline 0 0"><span class='ocrx_word' id='word_1_84' title='bbox 686 1647 724 1714; x_wconf 90' lang='grc' dir='ltr'><strong><em>Β.</em></strong></span> 
     </span>
    </p>
   </div>
   <div class='ocr_carea' id='block_1_5' title="bbox 151 1784 1270 2185">
    <p class='ocr_par' dir='ltr' id='par_1_6' title="bbox 151 1784 1270 2185">
     <span class='ocr_line' id='line_1_13' title="bbox 238 1784 1270 1884; baseline 0.006 -29"><span class='ocrx_word' id='word_1_85' title='bbox 238 1793 288 1856; x_wconf 89' lang='grc'><strong><em>12.</em></strong></span> <span class='ocrx_word' id='word_1_86' title='bbox 312 1792 544 1877; x_wconf 78' lang='grc' dir='ltr'><strong><em>πανσυδίῃ·</em></strong></span> <span class='ocrx_word' id='word_1_87' title='bbox 568 1784 677 1868; x_wconf 82' lang='grc' dir='ltr'><strong><em>οὕτως</em></strong></span> <span class='ocrx_word' id='word_1_88' title='bbox 698 1787 755 1856; x_wconf 82' lang='grc' dir='ltr'><strong><em>διὰ</em></strong></span> <span class='ocrx_word' id='word_1_89' title='bbox 773 1795 834 1856; x_wconf 86' lang='grc' dir='ltr'><strong><em>τοῦ</em></strong></span> <span class='ocrx_word' id='word_1_90' title='bbox 856 1815 878 1856; x_wconf 92' lang='grc' dir='ltr'><strong><em>ν</em></strong></span> <span class='ocrx_word' id='word_1_91' title='bbox 899 1786 936 1856; x_wconf 88' lang='grc' dir='ltr'><strong>τό</strong></span> <span class='ocrx_word' id='word_1_92' title='bbox 953 1794 1123 1880; x_wconf 76' lang='grc' dir='ltr'><strong><em>πανσυδίῃ</em></strong></span> <span class='ocrx_word' id='word_1_93' title='bbox 1145 1789 1270 1884; x_wconf 82' lang='grc' dir='ltr'><strong><em>δἈρί-</em></strong></span> 
     </span>
     <span class='ocr_line' id='line_1_14' title="bbox 152 1887 1269 1984; baseline 0.001 -24"><span class='ocrx_word' id='word_1_94' title='bbox 152 1893 303 1978; x_wconf 78' lang='grc' dir='ltr'><strong><em>δταρχος.</em></strong></span> <span class='ocrx_word' id='word_1_95' title='bbox 343 1892 399 1958; x_wconf 80' lang='grc' dir='ltr'><strong><em>καὶ</em></strong></span> <span class='ocrx_word' id='word_1_96' title='bbox 420 1888 460 1958; x_wconf 82' lang='grc' dir='ltr'><strong><em>τά</em></strong></span> <span class='ocrx_word' id='word_1_97' title='bbox 482 1888 699 1976; x_wconf 84' lang='grc' dir='ltr'><strong><em>παραπλήσια</em></strong></span> <span class='ocrx_word' id='word_1_98' title='bbox 719 1888 854 1971; x_wconf 79' lang='grc' dir='ltr'><strong><em>τούτοις</em></strong></span> <span class='ocrx_word' id='word_1_99' title='bbox 883 1887 1086 1977; x_wconf 47' lang='grc' dir='ltr'><strong><em>(ἄνστησον</em></strong></span> <span class='ocrx_word' id='word_1_100' title='bbox 1120 1896 1168 1974; x_wconf 88' lang='grc' dir='ltr'><strong><em>(Κ</em></strong></span> <span class='ocrx_word' id='word_1_101' title='bbox 1191 1899 1269 1984; x_wconf 86' lang='grc'>176)</span> 
     </span>
     <span class='ocr_line' id='line_1_15' title="bbox 151 1989 1270 2082; baseline 0 -20"><span class='ocrx_word' id='word_1_102' title='bbox 151 1993 208 2062; x_wconf 82' lang='grc' dir='ltr'><strong><em>καὶ</em></strong></span> <span class='ocrx_word' id='word_1_103' title='bbox 236 1991 336 2079; x_wconf 68' lang='grc' dir='ltr'><strong><em>Ιτάχα</em></strong></span> <span class='ocrx_word' id='word_1_104' title='bbox 369 1989 402 2060; x_wconf 92' lang='grc' dir='ltr'><strong><em>δ’</em></strong></span> <span class='ocrx_word' id='word_1_105' title='bbox 434 1989 663 2078; x_wconf 76' lang='grc' dir='ltr'><strong><em>ἀνστήσεσθαι</em></strong></span> <span class='ocrx_word' id='word_1_106' title='bbox 692 1995 847 2077; x_wconf 86' lang='grc' dir='ltr'><strong><em>έμελλεν’</em></strong></span> <span class='ocrx_word' id='word_1_107' title='bbox 888 1996 929 2082; x_wconf 85' lang='grc' dir='ltr'><strong><em>(Β</em></strong></span> <span class='ocrx_word' id='word_1_108' title='bbox 958 1997 1046 2081; x_wconf 84' lang='grc'>694).</span> <span class='ocrx_word' id='word_1_109' title='bbox 1092 1991 1156 2060; x_wconf 86' lang='grc' dir='ltr'><strong><em>κάν</em></strong></span> <span class='ocrx_word' id='word_1_110' title='bbox 1195 2009 1270 2076; x_wconf 81' lang='grc' dir='ltr'><strong><em>ταῖς</em></strong></span> 
     </span>
     <span class='ocr_line' id='line_1_16' title="bbox 152 2092 1270 2185; baseline -0.001 -20"><span class='ocrx_word' id='word_1_111' title='bbox 152 2099 282 2166; x_wconf 85' lang='grc' dir='ltr'><strong><em>πλείοσι</em></strong></span> <span class='ocrx_word' id='word_1_112' title='bbox 310 2095 348 2162; x_wconf 77' lang='grc' dir='ltr'><strong><em>δὲ</em></strong></span> <span class='ocrx_word' id='word_1_113' title='bbox 377 2095 433 2161; x_wconf 81' lang='grc' dir='ltr'><strong><em>καί</em></strong></span> <span class='ocrx_word' id='word_1_114' title='bbox 460 2093 686 2181; x_wconf 85' lang='grc' dir='ltr'><strong><em>χαριεστέραις</em></strong></span> <span class='ocrx_word' id='word_1_115' title='bbox 717 2098 786 2160; x_wconf 77' lang='grc' dir='ltr'><strong><em>τοῖν</em></strong></span> <span class='ocrx_word' id='word_1_116' title='bbox 819 2092 986 2163; x_wconf 83' lang='grc' dir='ltr'><strong><em>ένδόσειον</em></strong></span> <span class='ocrx_word' id='word_1_117' title='bbox 1024 2093 1145 2185; x_wconf 84' lang='grc' dir='ltr'><strong><em>[πάντῃ</em></strong></span> <span class='ocrx_word' id='word_1_118' title='bbox 1180 2097 1270 2165; x_wconf 82' lang='grc' dir='ltr'><strong><em>κατὰ</em></strong></span> 
     </span>
    </p>
   </div>
   <div class='ocr_carea' id='block_1_6' title="bbox 36 2192 626 2286">
    <p class='ocr_par' dir='ltr' id='par_1_7' title="bbox 36 2192 626 2286">
     <span class='ocr_line' id='line_1_17' title="bbox 36 2192 626 2286; baseline -0.005 -18"><span class='ocrx_word' id='word_1_119' title='bbox 36 2263 39 2268; x_wconf 87' lang='grc'><strong>,</strong></span> <span class='ocrx_word' id='word_1_120' title='bbox 151 2196 307 2286; x_wconf 88' lang='grc' dir='ltr'><strong><em>στρατόν]</em></strong></span> <span class='ocrx_word' id='word_1_121' title='bbox 327 2192 437 2276; x_wconf 79' lang='grc' dir='ltr'><strong><em>οὕτως</em></strong></span> <span class='ocrx_word' id='word_1_122' title='bbox 460 2192 561 2281; x_wconf 87' lang='grc' dir='ltr'><strong><em>είχον.</em></strong></span> <span class='ocrx_word' id='word_1_123' title='bbox 584 2200 626 2265; x_wconf 94' lang='lat' dir='ltr'><strong><em>A.</em></strong></span> 
     </span>
    </p>
   </div>
   <div class='ocr_carea' id='block_1_7' title="bbox 151 2309 1269 2608">
    <p class='ocr_par' dir='ltr' id='par_1_8' title="bbox 151 2309 1269 2608">
     <span class='ocr_line' id='line_1_18' title="bbox 236 2309 1269 2408; baseline 0.001 -25"><span class='ocrx_word' id='word_1_124' title='bbox 236 2321 288 2383; x_wconf 83' lang='lat'><strong><em>35.</em></strong></span> <span class='ocrx_word' id='word_1_125' title='bbox 312 2311 332 2384; x_wconf 87' lang='grc' dir='ltr'><strong><em>δ</em></strong></span> <span class='ocrx_word' id='word_1_126' title='bbox 355 2315 417 2402; x_wconf 74' lang='grc' dir='ltr'><strong><em>μὲν</em></strong></span> <span class='ocrx_word' id='word_1_127' title='bbox 438 2314 630 2402; x_wconf 77' lang='grc' dir='ltr'><strong><em>Ζηνόδοτος</em></strong></span> <span class='ocrx_word' id='word_1_128' title='bbox 648 2315 705 2384; x_wconf 81' lang='grc' dir='ltr'><strong><em>διὰ</em></strong></span> <span class='ocrx_word' id='word_1_129' title='bbox 722 2321 783 2382; x_wconf 85' lang='grc' dir='ltr'><strong><em>τού</em></strong></span> <span class='ocrx_word' id='word_1_130' title='bbox 808 2339 823 2381; x_wconf 90' lang='grc' dir='ltr'><strong><em>ε</em></strong></span> <span class='ocrx_word' id='word_1_131' title='bbox 845 2313 970 2400; x_wconf 90' lang='grc' dir='ltr'><strong><em>γράφει</em></strong></span> <span class='ocrx_word' id='word_1_132' title='bbox 997 2309 1224 2408; x_wconf 74' lang='grc' dir='ltr'><strong><em>[άπεβήσετο],</em></strong></span> <span class='ocrx_word' id='word_1_133' title='bbox 1248 2311 1269 2384; x_wconf 84' lang='grc' dir='ltr'><strong><em>δ</em></strong></span> 
     </span>
     <span class='ocr_line' id='line_1_19' title="bbox 151 2416 882 2505; baseline -0.007 -18"><span class='ocrx_word' id='word_1_134' title='bbox 151 2421 207 2488; x_wconf 78' lang='grc' dir='ltr'><strong><em>καί</em></strong></span> <span class='ocrx_word' id='word_1_135' title='bbox 232 2417 385 2505; x_wconf 79' lang='grc' dir='ltr'><strong><em>ἄμεινον,</em></strong></span> <span class='ocrx_word' id='word_1_136' title='bbox 406 2419 441 2485; x_wconf 89' lang='grc' dir='ltr'><strong><em>οί</em></strong></span> <span class='ocrx_word' id='word_1_137' title='bbox 458 2417 497 2485; x_wconf 76' lang='grc' dir='ltr'><strong><em>δὲ</em></strong></span> <span class='ocrx_word' id='word_1_138' title='bbox 519 2416 615 2486; x_wconf 76' lang='grc' dir='ltr'><strong><em>ἄλλοι</em></strong></span> <span class='ocrx_word' id='word_1_139' title='bbox 630 2418 686 2486; x_wconf 83' lang='grc' dir='ltr'><strong><em>διὰ</em></strong></span> <span class='ocrx_word' id='word_1_140' title='bbox 707 2423 769 2485; x_wconf 85' lang='grc' dir='ltr'><strong><em>τοῦ</em></strong></span> <span class='ocrx_word' id='word_1_141' title='bbox 790 2441 820 2482; x_wconf 91' lang='grc' dir='ltr'><strong><em>α.</em></strong></span> <span class='ocrx_word' id='word_1_142' title='bbox 842 2419 882 2483; x_wconf 90' lang='grc' dir='ltr'><strong><em>Β.</em></strong></span> 
     </span>
     <span class='ocr_line' id='line_1_20' title="bbox 228 2514 1180 2608; baseline 0 -22"><span class='ocrx_word' id='word_1_143' title='bbox 228 2520 273 2586; x_wconf 92' lang='lat' dir='ltr'><strong><em>ib.</em></strong></span> <span class='ocrx_word' id='word_1_144' title='bbox 299 2516 342 2586; x_wconf 73' lang='grc' dir='ltr'><strong><em>δὲ</em></strong></span> <span class='ocrx_word' id='word_1_145' title='bbox 364 2515 463 2587; x_wconf 88' lang='grc' dir='ltr'><strong><em>λίπ’·</em></strong></span> <span class='ocrx_word' id='word_1_146' title='bbox 487 2516 596 2600; x_wconf 78' lang='grc' dir='ltr'><strong><em>οὕτως</em></strong></span> <span class='ocrx_word' id='word_1_147' title='bbox 614 2515 768 2599; x_wconf 71' lang='grc' dir='ltr'><strong><em>Ἰωνικοῖς</em></strong></span> <span class='ocrx_word' id='word_1_148' title='bbox 790 2514 927 2608; x_wconf 69' lang='grc' dir='ltr'><strong><em>(Ἰασεύς)</em></strong></span> <span class='ocrx_word' id='word_1_149' title='bbox 951 2514 988 2583; x_wconf 86' lang='grc' dir='ltr'><strong><em>τὸ</em></strong></span> <span class='ocrx_word' id='word_1_150' title='bbox 1012 2522 1114 2586; x_wconf 85' lang='grc' dir='ltr'><strong><em>λίπε.</em></strong></span> <span class='ocrx_word' id='word_1_151' title='bbox 1136 2521 1180 2586; x_wconf 89' lang='lat' dir='ltr'><strong><em>A.</em></strong></span> 
     </span>
    </p>
   </div>
   <div class='ocr_carea' id='block_1_8' title="bbox 151 2633 1270 2830">
    <p class='ocr_par' dir='ltr' id='par_1_9' title="bbox 151 2633 1270 2830">
     <span class='ocr_line' id='line_1_21' title="bbox 203 2633 1269 2728; baseline -0.003 -18"><span class='ocrx_word' id='word_1_152' title='bbox 203 2703 206 2710; x_wconf 49' lang='lat'><strong>.</strong></span> <span class='ocrx_word' id='word_1_153' title='bbox 236 2643 287 2706; x_wconf 82' lang='lat'><strong><em>52.</em></strong></span> <span class='ocrx_word' id='word_1_154' title='bbox 325 2636 497 2726; x_wconf 80' lang='grc' dir='ltr'><strong><em>βουλήν·</em></strong></span> <span class='ocrx_word' id='word_1_155' title='bbox 533 2642 571 2706; x_wconf 91' lang='grc' dir='ltr'><strong><em>αί</em></strong></span> <span class='ocrx_word' id='word_1_156' title='bbox 595 2638 807 2716; x_wconf 74' lang='grc' dir='ltr'><strong><em>πλείουςκαὶ</em></strong></span> <span class='ocrx_word' id='word_1_157' title='bbox 832 2638 1041 2723; x_wconf 82' lang='grc' dir='ltr'><strong><em>χαριέσταται</em></strong></span> <span class='ocrx_word' id='word_1_158' title='bbox 1062 2640 1137 2728; x_wconf 80' lang='grc' dir='ltr'><strong><em>δίχα</em></strong></span> <span class='ocrx_word' id='word_1_159' title='bbox 1159 2633 1227 2705; x_wconf 82' lang='grc' dir='ltr'><strong><em>τού</em></strong></span> <span class='ocrx_word' id='word_1_160' title='bbox 1247 2667 1269 2707; x_wconf 93' lang='grc' dir='ltr'><strong><em>ν</em></strong></span> 
     </span>
     <span class='ocr_line' id='line_1_22' title="bbox 151 2732 1270 2830; baseline 0.001 -21"><span class='ocrx_word' id='word_1_161' title='bbox 151 2737 292 2830; x_wconf 81' lang='grc' dir='ltr'><strong><em>βουλή.</em></strong></span> <span class='ocrx_word' id='word_1_162' title='bbox 313 2740 369 2809; x_wconf 82' lang='grc' dir='ltr'><strong><em>καὶ</em></strong></span> <span class='ocrx_word' id='word_1_163' title='bbox 390 2737 411 2826; x_wconf 82' lang='grc' dir='ltr'><em>ἡ</em></span> <span class='ocrx_word' id='word_1_164' title='bbox 430 2732 704 2827; x_wconf 80' lang='grc' dir='ltr'><strong><em>Ἀριστοφάνους.</em></strong></span> <span class='ocrx_word' id='word_1_165' title='bbox 724 2739 762 2806; x_wconf 92' lang='grc' dir='ltr'><strong><em>έν</em></strong></span> <span class='ocrx_word' id='word_1_166' title='bbox 783 2735 821 2804; x_wconf 69' lang='grc' dir='ltr'><strong><em>δὲ</em></strong></span> <span class='ocrx_word' id='word_1_167' title='bbox 839 2748 911 2819; x_wconf 72' lang='grc' dir='ltr'><strong><em>ταῖς</em></strong></span> <span class='ocrx_word' id='word_1_168' title='bbox 932 2751 1060 2818; x_wconf 82' lang='grc' dir='ltr'><strong><em>κοιναῖς</em></strong></span> <span class='ocrx_word' id='word_1_169' title='bbox 1081 2741 1270 2826; x_wconf 79' lang='grc' dir='ltr'><strong><em>ἐγέγραπτο</em></strong></span> 
     </span>
    </p>
   </div>
   <div class='ocr_carea' id='block_1_9' title="bbox 41 2837 1270 2934">
    <p class='ocr_par' dir='ltr' id='par_1_10' title="bbox 41 2837 1270 2934">
     <span class='ocr_line' id='line_1_23' title="bbox 41 2837 1270 2934; baseline -0.002 -20"><span class='ocrx_word' id='word_1_170' title='bbox 41 2909 42 2914; x_wconf 73' lang='grc'>,</span> <span class='ocrx_word' id='word_1_171' title='bbox 150 2845 207 2913; x_wconf 80' lang='grc' dir='ltr'><strong><em>καὶ</em></strong></span> <span class='ocrx_word' id='word_1_172' title='bbox 225 2848 265 2932; x_wconf 76' lang='grc' dir='ltr'><strong><em>τῇ</em></strong></span> <span class='ocrx_word' id='word_1_173' title='bbox 288 2845 497 2934; x_wconf 74' lang='grc' dir='ltr'><strong><em>Ζηνοδοτείφ</em></strong></span> <span class='ocrx_word' id='word_1_174' title='bbox 521 2841 692 2930; x_wconf 79' lang='grc' dir='ltr'><strong><em>βουλήν.</em></strong></span> <span class='ocrx_word' id='word_1_175' title='bbox 721 2839 913 2927; x_wconf 86' lang='grc' dir='ltr'><strong><em>ύστειοτέρα</em></strong></span> <span class='ocrx_word' id='word_1_176' title='bbox 935 2837 972 2907; x_wconf 71' lang='grc' dir='ltr'><strong><em>δὲ</em></strong></span> <span class='ocrx_word' id='word_1_177' title='bbox 994 2837 1015 2927; x_wconf 80' lang='grc' dir='ltr'><em>ἡ</em></span> <span class='ocrx_word' id='word_1_178' title='bbox 1037 2841 1137 2928; x_wconf 81' lang='grc' dir='ltr'><strong><em>χωρὶς</em></strong></span> <span class='ocrx_word' id='word_1_179' title='bbox 1158 2849 1223 2911; x_wconf 84' lang='grc' dir='ltr'><strong><em>τού</em></strong></span> <span class='ocrx_word' id='word_1_180' title='bbox 1248 2871 1270 2912; x_wconf 93' lang='grc' dir='ltr'><strong><em>υ</em></strong></span> 
     </span>
    </p>
   </div>
   <div class='ocr_carea' id='block_1_10' title="bbox 145 2943 1271 4377">
    <p class='ocr_par' dir='ltr' id='par_1_11' title="bbox 150 2943 545 3032">
     <span class='ocr_line' id='line_1_24' title="bbox 150 2943 545 3032; baseline -0.01 -17"><span class='ocrx_word' id='word_1_181' title='bbox 150 2947 207 3016; x_wconf 80' lang='grc' dir='ltr'><strong><em>ιιαί</em></strong></span> <span class='ocrx_word' id='word_1_182' title='bbox 225 2943 480 3032; x_wconf 84' lang='grc' dir='ltr'><strong><em>Ἀριστάρχειος.</em></strong></span> <span class='ocrx_word' id='word_1_183' title='bbox 503 2947 545 3012; x_wconf 91' lang='lat' dir='ltr'><strong><em>A.</em></strong></span> 
     </span>
    </p>

    <p class='ocr_par' dir='ltr' id='par_1_12' title="bbox 163 3048 687 3136">
     <span class='ocr_line' id='line_1_25' title="bbox 163 3048 687 3136; baseline -0.004 -21"><span class='ocrx_word' id='word_1_184' title='bbox 163 3099 166 3106; x_wconf 83' lang='lat'><strong>.</strong></span> <span class='ocrx_word' id='word_1_185' title='bbox 239 3055 313 3130; x_wconf 91' lang='grc' dir='ltr'><strong><em>111.Ι</em></strong></span> <span class='ocrx_word' id='word_1_186' title='bbox 332 3048 418 3114; x_wconf 86' lang='lat' dir='ltr'><strong>Vide</strong></span> <span class='ocrx_word' id='word_1_187' title='bbox 438 3070 538 3136; x_wconf 81' lang='lat' dir='ltr'><strong>supra</strong></span> <span class='ocrx_word' id='word_1_188' title='bbox 558 3071 591 3136; x_wconf 75' lang='lat' dir='ltr'><strong><em>p.</em></strong></span> <span class='ocrx_word' id='word_1_189' title='bbox 618 3050 687 3113; x_wconf 85' lang='lat'><strong>112.</strong></span> 
     </span>
    </p>

    <p class='ocr_par' dir='ltr' id='par_1_13' title="bbox 149 3161 1271 3663">
     <span class='ocr_line' id='line_1_26' title="bbox 186 3161 1271 3252; baseline 0.001 -20"><span class='ocrx_word' id='word_1_190' title='bbox 186 3195 189 3206; x_wconf 71' lang='lat'><strong><em>¹</em></strong></span> <span class='ocrx_word' id='word_1_191' title='bbox 218 3165 311 3248; x_wconf 68' lang='lat'><strong>²125.</strong></span> <span class='ocrx_word' id='word_1_192' title='bbox 331 3161 550 3252; x_wconf 86' lang='grc' dir='ltr'><strong><em>Ἀριστάρχου</em></strong></span> <span class='ocrx_word' id='word_1_193' title='bbox 569 3167 673 3245; x_wconf 78' lang='grc' dir='ltr'><strong><em>λέξεις</em></strong></span> <span class='ocrx_word' id='word_1_194' title='bbox 691 3166 728 3232; x_wconf 87' lang='grc' dir='ltr'><strong><em>έιι</em></strong></span> <span class='ocrx_word' id='word_1_195' title='bbox 751 3170 819 3233; x_wconf 79' lang='grc' dir='ltr'><strong><em>τῶν</em></strong></span> <span class='ocrx_word' id='word_1_196' title='bbox 842 3161 1103 3250; x_wconf 83' lang='grc' dir='ltr'><strong><em>ὑπομνημάτων·</em></strong></span> <span class='ocrx_word' id='word_1_197' title='bbox 1126 3162 1188 3230; x_wconf 83' lang='grc' dir='ltr'><strong><em>έάυ</em></strong></span> <span class='ocrx_word' id='word_1_198' title='bbox 1211 3167 1271 3233; x_wconf 80' lang='grc' dir='ltr'><strong><em>καί</em></strong></span> 
     </span>
     <span class='ocr_line' id='line_1_27' title="bbox 150 3262 1269 3355; baseline -0.002 -19"><span class='ocrx_word' id='word_1_199' title='bbox 150 3269 191 3337; x_wconf 87' lang='grc' dir='ltr'><strong><em>τά</em></strong></span> <span class='ocrx_word' id='word_1_200' title='bbox 211 3272 327 3336; x_wconf 86' lang='grc' dir='ltr'><strong><em>παιδία</em></strong></span> <span class='ocrx_word' id='word_1_201' title='bbox 348 3267 405 3333; x_wconf 80' lang='grc' dir='ltr'><strong><em>καὶ</em></strong></span> <span class='ocrx_word' id='word_1_202' title='bbox 425 3263 506 3347; x_wconf 83' lang='grc' dir='ltr'><strong><em>τούς</em></strong></span> <span class='ocrx_word' id='word_1_203' title='bbox 528 3267 718 3355; x_wconf 79' lang='grc' dir='ltr'><strong><em>πρεσβύτας</em></strong></span> <span class='ocrx_word' id='word_1_204' title='bbox 740 3263 985 3353; x_wconf 81' lang='grc' dir='ltr'><strong><em>άριθμήσωσιν,</em></strong></span> <span class='ocrx_word' id='word_1_205' title='bbox 999 3263 1051 3332; x_wconf 66' lang='grc' dir='ltr'><strong><em>ὀύ</em></strong></span> <span class='ocrx_word' id='word_1_206' title='bbox 1073 3262 1119 3350; x_wconf 79' lang='grc' dir='ltr'><strong><em>μὴ</em></strong></span> <span class='ocrx_word' id='word_1_207' title='bbox 1135 3267 1269 3350; x_wconf 85' lang='grc' dir='ltr'><strong><em>γένων-</em></strong></span> 
     </span>
     <span class='ocr_line' id='line_1_28' title="bbox 150 3365 1269 3456; baseline 0 -18"><span class='ocrx_word' id='word_1_208' title='bbox 150 3397 204 3438; x_wconf 91' lang='grc' dir='ltr'><strong><em>ται</em></strong></span> <span class='ocrx_word' id='word_1_209' title='bbox 226 3367 301 3438; x_wconf 85' lang='grc' dir='ltr'><strong><em>ὅσοι</em></strong></span> <span class='ocrx_word' id='word_1_210' title='bbox 319 3365 422 3456; x_wconf 81' lang='grc' dir='ltr'><strong><em>ἡμεϊς.</em></strong></span> <span class='ocrx_word' id='word_1_211' title='bbox 459 3373 559 3436; x_wconf 83' lang='grc' dir='ltr'><strong><em>τοῦτο</em></strong></span> <span class='ocrx_word' id='word_1_212' title='bbox 582 3371 622 3437; x_wconf 90' lang='grc' dir='ltr'><strong><em>δέ</em></strong></span> <span class='ocrx_word' id='word_1_213' title='bbox 640 3371 710 3436; x_wconf 90' lang='grc' dir='ltr'><strong><em>έστι</em></strong></span> <span class='ocrx_word' id='word_1_214' title='bbox 732 3372 929 3436; x_wconf 85' lang='grc' dir='ltr'><strong><em>κατοικίδιοι</em></strong></span> <span class='ocrx_word' id='word_1_215' title='bbox 950 3369 1005 3435; x_wconf 77' lang='grc' dir='ltr'><strong><em>καί</em></strong></span> <span class='ocrx_word' id='word_1_216' title='bbox 1026 3370 1174 3434; x_wconf 77' lang='grc' dir='ltr'><strong><em>ἔναυλοι.</em></strong></span> <span class='ocrx_word' id='word_1_217' title='bbox 1210 3373 1269 3438; x_wconf 85' lang='grc' dir='ltr'><strong><em>καὶ</em></strong></span> 
     </span>
     <span class='ocr_line' id='line_1_29' title="bbox 149 3467 1269 3562; baseline -0.002 -22"><span class='ocrx_word' id='word_1_218' title='bbox 149 3475 187 3540; x_wconf 92' lang='grc' dir='ltr'><strong><em>έν</em></strong></span> <span class='ocrx_word' id='word_1_219' title='bbox 206 3469 381 3560; x_wconf 77' lang='grc' dir='ltr'><strong><em>Ὀδυσσείῃ</em></strong></span> <span class='ocrx_word' id='word_1_220' title='bbox 414 3474 445 3561; x_wconf 76' lang='grc' dir='ltr'><strong><em>(ζ</em></strong></span> <span class='ocrx_word' id='word_1_221' title='bbox 459 3474 534 3561; x_wconf 86' lang='grc'>265)</span> <span class='ocrx_word' id='word_1_222' title='bbox 569 3477 693 3540; x_wconf 62' lang='grc' dir='ltr'><strong><em>επάσιν</em></strong></span> <span class='ocrx_word' id='word_1_223' title='bbox 714 3471 779 3560; x_wconf 88' lang='grc' dir='ltr'><strong><em>γάρ</em></strong></span> <span class='ocrx_word' id='word_1_224' title='bbox 810 3469 960 3540; x_wconf 87' lang='grc' dir='ltr'><strong><em>έπίστιόν</em></strong></span> <span class='ocrx_word' id='word_1_225' title='bbox 984 3472 1075 3540; x_wconf 91' lang='grc' dir='ltr'><strong><em>έστιν</em></strong></span> <span class='ocrx_word' id='word_1_226' title='bbox 1105 3467 1269 3562; x_wconf 78' lang='grc' dir='ltr'><strong><em>ἑιιύστφ,’</em></strong></span> 
     </span>
     <span class='ocr_line' id='line_1_30' title="bbox 150 3571 1059 3663; baseline -0.001 -21"><span class='ocrx_word' id='word_1_227' title='bbox 150 3571 229 3642; x_wconf 80' lang='grc' dir='ltr'><strong><em>άσεὶ</em></strong></span> <span class='ocrx_word' id='word_1_228' title='bbox 251 3572 425 3660; x_wconf 85' lang='grc' dir='ltr'><strong><em>κατάλυμα</em></strong></span> <span class='ocrx_word' id='word_1_229' title='bbox 447 3571 538 3660; x_wconf 81' lang='grc' dir='ltr'><strong><em>παρὰ</em></strong></span> <span class='ocrx_word' id='word_1_230' title='bbox 556 3579 597 3663; x_wconf 79' lang='grc' dir='ltr'><strong><em>τῇ</em></strong></span> <span class='ocrx_word' id='word_1_231' title='bbox 616 3579 682 3662; x_wconf 84' lang='grc' dir='ltr'><strong><em>νηί.</em></strong></span> <span class='ocrx_word' id='word_1_232' title='bbox 701 3577 744 3642; x_wconf 89' lang='lat' dir='ltr'><strong><em>A.</em></strong></span> <span class='ocrx_word' id='word_1_233' title='bbox 771 3623 773 3628; x_wconf 90' lang='lat'>-</span> <span class='ocrx_word' id='word_1_234' title='bbox 887 3595 889 3600; x_wconf 83' lang='lat'>·</span> <span class='ocrx_word' id='word_1_235' title='bbox 1057 3593 1059 3597; x_wconf 88' lang='grc'><strong><em>·</em></strong></span> 
     </span>
    </p>

    <p class='ocr_par' dir='ltr' id='par_1_14' title="bbox 210 3670 887 3756">
     <span class='ocr_line' id='line_1_31' title="bbox 210 3670 887 3756; baseline -0.003 -13"><span class='ocrx_word' id='word_1_236' title='bbox 210 3750 211 3755; x_wconf 9' lang='grc' dir='ltr'><strong><em>ρ</em></strong></span> <span class='ocrx_word' id='word_1_237' title='bbox 237 3681 307 3745; x_wconf 87' lang='grc'><strong><em>127.</em></strong></span> <span class='ocrx_word' id='word_1_238' title='bbox 331 3672 350 3744; x_wconf 87' lang='grc' dir='ltr'><strong><em>δ</em></strong></span> <span class='ocrx_word' id='word_1_239' title='bbox 368 3670 472 3756; x_wconf 77' lang='grc' dir='ltr'><strong><em>Ἰξίων</em></strong></span> <span class='ocrx_word' id='word_1_240' title='bbox 492 3671 549 3742; x_wconf 80' lang='grc' dir='ltr'><strong><em>διὰ</em></strong></span> <span class='ocrx_word' id='word_1_241' title='bbox 569 3681 631 3744; x_wconf 86' lang='grc' dir='ltr'><strong><em>τού</em></strong></span> <span class='ocrx_word' id='word_1_242' title='bbox 654 3703 676 3744; x_wconf 89' lang='grc' dir='ltr'><strong><em>ν</em></strong></span> <span class='ocrx_word' id='word_1_243' title='bbox 694 3677 887 3745; x_wconf 79' lang='grc' dir='ltr'><strong><em>ἕκαστον.</em></strong></span> 
     </span>
    </p>

    <p class='ocr_par' dir='ltr' id='par_1_15' title="bbox 146 3773 1269 4174">
     <span class='ocr_line' id='line_1_32' title="bbox 236 3773 1269 3868; baseline 0.002 -23"><span class='ocrx_word' id='word_1_244' title='bbox 236 3785 307 3846; x_wconf 90' lang='grc'>131.</span> <span class='ocrx_word' id='word_1_245' title='bbox 344 3774 497 3864; x_wconf 85' lang='grc' dir='ltr'><strong><em>άνδρες</em></strong></span> <span class='ocrx_word' id='word_1_246' title='bbox 517 3779 653 3845; x_wconf 79' lang='grc' dir='ltr'><strong><em>ἔασιν·</em></strong></span> <span class='ocrx_word' id='word_1_247' title='bbox 687 3779 725 3846; x_wconf 90' lang='grc' dir='ltr'><strong><em>έν</em></strong></span> <span class='ocrx_word' id='word_1_248' title='bbox 743 3783 784 3868; x_wconf 79' lang='grc' dir='ltr'><strong><em>τῇ</em></strong></span> <span class='ocrx_word' id='word_1_249' title='bbox 805 3778 899 3868; x_wconf 77' lang='grc' dir='ltr'><strong><em>ἑτέρη</em></strong></span> <span class='ocrx_word' id='word_1_250' title='bbox 923 3782 991 3844; x_wconf 81' lang='grc' dir='ltr'><strong><em>τῶν</em></strong></span> <span class='ocrx_word' id='word_1_251' title='bbox 1009 3773 1269 3863; x_wconf 83' lang='grc' dir='ltr'><strong><em>Ἀρισταρχείιου</em></strong></span> 
     </span>
     <span class='ocr_line' id='line_1_33' title="bbox 149 3875 1267 3970; baseline -0.002 -20"><span class='ocrx_word' id='word_1_252' title='bbox 149 3879 294 3970; x_wconf 81' lang='grc' dir='ltr'><strong><em>εὕρομεν</em></strong></span> <span class='ocrx_word' id='word_1_253' title='bbox 328 3883 508 3947; x_wconf 80' lang='grc' dir='ltr'><strong><em>ἔνεισιν·</em></strong></span> <span class='ocrx_word' id='word_1_254' title='bbox 554 3883 610 3948; x_wconf 80' lang='grc' dir='ltr'><strong><em>καί</em></strong></span> <span class='ocrx_word' id='word_1_255' title='bbox 634 3886 883 3968; x_wconf 85' lang='grc' dir='ltr'><strong><em>Καλλίστρατος</em></strong></span> <span class='ocrx_word' id='word_1_256' title='bbox 911 3875 1020 3960; x_wconf 82' lang='grc' dir='ltr'><strong><em>οὕτως</em></strong></span> <span class='ocrx_word' id='word_1_257' title='bbox 1049 3880 1087 3946; x_wconf 90' lang='grc' dir='ltr'><strong><em>έν</em></strong></span> <span class='ocrx_word' id='word_1_258' title='bbox 1103 3884 1158 3969; x_wconf 77' lang='grc' dir='ltr'><strong><em>,τῷ</em></strong></span> <span class='ocrx_word' id='word_1_259' title='bbox 1188 3881 1267 3966; x_wconf 77' lang='grc' dir='ltr'><strong><em>περὶ</em></strong></span> 
     </span>
     <span class='ocr_line' id='line_1_34' title="bbox 146 3977 1265 4070; baseline -0.003 -17"><span class='ocrx_word' id='word_1_260' title='bbox 146 3981 284 4063; x_wconf 86' lang='grc' dir='ltr'><strong><em>Ἰλιάδος</em></strong></span> <span class='ocrx_word' id='word_1_261' title='bbox 298 3977 601 4069; x_wconf 80' lang='grc' dir='ltr'><strong><em>γράφει,ιιαθάπερ</em></strong></span> <span class='ocrx_word' id='word_1_262' title='bbox 613 3984 669 4050; x_wconf 79' lang='grc' dir='ltr'><strong><em>καί</em></strong></span> <span class='ocrx_word' id='word_1_263' title='bbox 683 3983 733 4051; x_wconf 57' lang='grc' dir='ltr'><strong><em>τόι</em></strong></span> <span class='ocrx_word' id='word_1_264' title='bbox 742 3979 835 4070; x_wconf 78' lang='grc' dir='ltr'><strong><em>ἡμεῖς</em></strong></span> <span class='ocrx_word' id='word_1_265' title='bbox 852 3985 888 4050; x_wconf 77' lang='grc' dir='ltr'><strong><em>δὲ</em></strong></span> <span class='ocrx_word' id='word_1_266' title='bbox 906 3978 1100 4068; x_wconf 74' lang='grc' dir='ltr'><strong><em>μαχόμεσθ’,</em></strong></span> <span class='ocrx_word' id='word_1_267' title='bbox 1118 3985 1216 4067; x_wconf 74' lang='grc' dir='ltr'><strong><em>οἵπερ</em></strong></span> <span class='ocrx_word' id='word_1_268' title='bbox 1232 3981 1265 4050; x_wconf 86' lang='grc' dir='ltr'><strong><em>τ’</em></strong></span> 
     </span>
     <span class='ocr_line' id='line_1_35' title="bbox 150 4077 1264 4174; baseline -0.001 -21"><span class='ocrx_word' id='word_1_269' title='bbox 150 4087 323 4172; x_wconf 88' lang='grc' dir='ltr'><strong><em>έπίιιουροι</em></strong></span> <span class='ocrx_word' id='word_1_270' title='bbox 338 4087 487 4171; x_wconf 84' lang='grc' dir='ltr'><strong><em>ένειμεν’</em></strong></span> <span class='ocrx_word' id='word_1_271' title='bbox 509 4079 563 4173; x_wconf 85' lang='lat'><strong><em>(11.</em></strong></span> <span class='ocrx_word' id='word_1_272' title='bbox 575 4093 607 4153; x_wconf 83' lang='lat' dir='ltr'><em>E</em></span> <span class='ocrx_word' id='word_1_273' title='bbox 616 4087 706 4174; x_wconf 85' lang='grc'>477),</span> <span class='ocrx_word' id='word_1_274' title='bbox 719 4079 801 4171; x_wconf 89' lang='grc' dir='ltr'><strong><em>παρ’</em></strong></span> <span class='ocrx_word' id='word_1_275' title='bbox 818 4077 839 4150; x_wconf 86' lang='grc' dir='ltr'><strong><em>δ</em></strong></span> <span class='ocrx_word' id='word_1_276' title='bbox 853 4083 909 4151; x_wconf 75' lang='grc' dir='ltr'><strong><em>καὶ</em></strong></span> <span class='ocrx_word' id='word_1_277' title='bbox 923 4087 999 4172; x_wconf 75' lang='grc' dir='ltr'><strong><em>διχῇ</em></strong></span> <span class='ocrx_word' id='word_1_278' title='bbox 1013 4083 1199 4170; x_wconf 85' lang='grc' dir='ltr'><strong><em>γράφομεν.</em></strong></span> <span class='ocrx_word' id='word_1_279' title='bbox 1221 4088 1264 4152; x_wconf 88' lang='grc' dir='ltr'><strong><em>Α.</em></strong></span> 
     </span>
    </p>

    <p class='ocr_par' dir='ltr' id='par_1_16' title="bbox 145 4182 1265 4377">
     <span class='ocr_line' id='line_1_36' title="bbox 237 4182 1265 4272; baseline -0.001 -19"><span class='ocrx_word' id='word_1_280' title='bbox 237 4192 306 4254; x_wconf 87' lang='grc'>133.</span> <span class='ocrx_word' id='word_1_281' title='bbox 334 4185 478 4256; x_wconf 87' lang='grc' dir='ltr'><strong><em>Ἰλίου·</em></strong></span> <span class='ocrx_word' id='word_1_282' title='bbox 509 4189 547 4256; x_wconf 91' lang='grc' dir='ltr'><strong><em>έν</em></strong></span> <span class='ocrx_word' id='word_1_283' title='bbox 568 4199 638 4266; x_wconf 85' lang='grc' dir='ltr'><strong><em>τοϊς</em></strong></span> <span class='ocrx_word' id='word_1_284' title='bbox 657 4182 1001 4272; x_wconf 83' lang='grc' dir='ltr'><strong><em>κατ’Ἀριστοφάνηυ</em></strong></span> <span class='ocrx_word' id='word_1_285' title='bbox 1022 4183 1265 4272; x_wconf 79' lang='grc' dir='ltr'><strong><em>ὑπομνήμασιν</em></strong></span> 
     </span>
     <span class='ocr_line' id='line_1_37' title="bbox 145 4283 1263 4377; baseline 0.001 -21"><span class='ocrx_word' id='word_1_286' title='bbox 145 4286 363 4377; x_wconf 89' lang='grc' dir='ltr'><strong><em>Ἀριστάρχου</em></strong></span> <span class='ocrx_word' id='word_1_287' title='bbox 377 4284 509 4360; x_wconf 82' lang='grc' dir='ltr'><strong><em>Ἴλιον</em></strong></span> <span class='ocrx_word' id='word_1_288' title='bbox 528 4289 723 4376; x_wconf 80' lang='grc' dir='ltr'><strong><em>ἐγέγραπτο.</em></strong></span> <span class='ocrx_word' id='word_1_289' title='bbox 747 4288 803 4356; x_wconf 81' lang='grc' dir='ltr'><strong><em>καὶ</em></strong></span> <span class='ocrx_word' id='word_1_290' title='bbox 822 4288 949 4374; x_wconf 78' lang='grc' dir='ltr'><strong><em>μήποτε</em></strong></span> <span class='ocrx_word' id='word_1_291' title='bbox 963 4283 1105 4374; x_wconf 84' lang='grc' dir='ltr'><strong><em>άμεινου</em></strong></span> <span class='ocrx_word' id='word_1_292' title='bbox 1121 4290 1198 4376; x_wconf 82' lang='grc' dir='ltr'><strong><em>ἕχει.</em></strong></span> <span class='ocrx_word' id='word_1_293' title='bbox 1220 4291 1263 4357; x_wconf 90' lang='grc' dir='ltr'><strong><em>Α.</em></strong></span> 
     </span>
    </p>
   </div>
   <div class='ocr_carea' id='block_1_11' title="bbox 0 0 1380 4890">
    <p class='ocr_par' dir='ltr' id='par_1_17' title="bbox 0 0 1380 4890">
     <span class='ocr_line' id='line_1_38' title="bbox 0 0 1380 4890; baseline 0 0"><span class='ocrx_word' id='word_1_294' title='bbox 0 0 1380 4890; x_wconf 95' lang='lat' dir='ltr'><strong><em> </em></strong></span> 
     </span>
    </p>
   </div>
  </div>
 </body>
</html>
