2866 4882
1051 411 1053 415 ,
1150 346 1216 408 300

100 505 298 580 testimonio.
344 503 469 583 Quodsi
490 503 670 590 Didymum
698 507 1002 571 commentariorum
1023 511 1058 571 in
1081 511 1214 598 Eupoli-

101 609 151 672 dis
173 603 308 681 Βάπτας
323 614 489 669 auctorem
511 605 795 692 deprehendimus,
816 631 920 693 nemo,
936 612 1058 696 opinor,
1074 615 1213 700 amplius

101 708 279 790 dubitabit,
311 709 390 793 quin
412 730 455 774 ex
477 709 622 772 eiusdem
646 709 778 773 officina
799 711 939 796 profecti
958 714 1023 777 sint
1045 716 1100 801 qui
1120 739 1212 803 prue-

99 822 191 877 terea
222 810 402 874 afferuntur
436 812 660 874 commentarii
688 813 724 875 in
752 813 965 878 Maricantem
999 825 1031 879 et
1050 823 1213 900 Χρυσοῦν

101 937 207 996 μενος.

188 1013 295 1078 801101.
319 1012 421 1076 Arist.
443 1013 567 1100 Vespp.
596 1017 671 1080 1301
699 1016 777 1103 (vol.
802 1017 836 1081 ΙΙ
855 1041 887 1103 p.
901 1020 962 1081 529
977 1018 1109 1106 Dindf.)
1132 1015 1150 1085 ὁ
1174 1021 1212 1087 δὲ

101 1111 224 1200 ῦχνρος
245 1108 325 1198 παρ’
347 1107 515 1179 Εὐπόλιδι
540 1115 578 1179 έν
598 1120 723 1206 Χρυσῷ
744 1117 845 1202 γένει,
871 1113 959 1182 ὅπου
982 1118 1036 1183 καὶ
1059 1116 1097 1186 τό
1117 1118 1211 1189 Πλό-

101 1241 206 1294 τωνος
228 1214 425 1299 παράκειται
444 1216 477 1293 ἐξ
497 1210 684 1295 Ἀδώνιδος.

186 1318 293 1383 801101.
307 1319 366 1383 Α1.
383 1319 514 1383 Thesm.
531 1323 590 1385 162
612 1315 758 1401 ἀλλαχοῦ
781 1317 818 1382 δὲ
835 1313 856 1384 ,ὁ
881 1325 913 1384 Δ
920 1322 935 1383 ί
940 1321 960 1383 δ
969 1317 1047 1403 νμό
1054 1347 1074 1398 ς
1087 1340 1209 1407 φησιν·

100 1414 121 1503 ἡ
146 1419 208 1503 μὲν
233 1413 347 1503 γραφὴ
374 1415 515 1482 δύναται
543 1414 605 1498 μὲν
637 1411 739 1498 εἶναι,
774 1410 837 1480 οὐκ
868 1410 910 1480 riv
937 1416 974 1483 δὲ
1002 1419 1126 1485 τούτου
1149 1427 1212 1486 τοῦ

100 1523 284 1604 μελοποιοῦ
305 1520 466 1604 μέμνηται
490 1517 524 1598 (l.
538 1517 698 1602 μεμνῇτο)
728 1513 830 1580 πόλιν
851 1513 887 1581 τδ
912 1513 994 1583 αὐτό
1017 1519 1135 1606 λέγων,
1159 1519 1210 1589 ὅτι

101 1619 165 1688 οὐκ
191 1619 379 1697 ἐπιπολάζει
401 1615 441 1684 τὰ
465 1618 564 1701 μέλη,
597 1611 673 1681 ἀλλ’
708 1618 797 1705 (add.
822 1619 1028 1707 Schneider.)
1055 1616 1211 1690 Ἀλκαίου

100 1729 163 1790 τοῦ
183 1723 391 1808 κιθαρῳδοῦ,
415 1707 458 1782 οῦ
479 1716 534 1781 καὶ
548 1711 698 1796 Εὐπολις
716 1721 753 1784 ἐν
774 1725 898 1808 Χρυσῷ
921 1722 1010 1805 γένει
1032 1725 1209 1809 μέμνηται·

101 1817 147 1891 ‘ui
166 1821 270 1890 ’λκαίε
289 1825 477 1886 Σικελιῦτα
496 1818 782 1905 Πελοποννησιε’.
828 1828 861 1888 τί
880 1821 915 1888 δὲ
938 1825 1088 1891 ἐνταῦθα
1108 1838 1210 1895 κιθα-

102 1929 215 2015 ρῳδοῦ
236 1921 312 2006 περὶ
341 1924 485 2003 ποιητοῦ
508 1916 607 1998 ὄντος
625 1918 747 2005 λόγον;
769 1963 812 1974 -
831 1921 993 2010 Ἀλλαχοῦ
1016 1928 1055 1992 δέ
1074 1931 1096 1993 1.
1121 1953 1148 1994 0.
1169 1932 1212 1996 06

99 2031 205 2114 ipsum
227 2024 319 2088 illum
342 2022 380 2087 έν
402 2028 465 2107 Χρ.
483 2047 513 2105 y.
536 2023 643 2088 locum
665 2015 693 2088 ui
712 2021 816 2091 ’λκαίε
829 2033 1015 2093 Σικελιῶτα
1033 2035 1211 2095 Πελοπον-

99 2125 204 2210 νησιε.
251 2125 303 2190 Of.
325 2126 454 2189 Nauck.
475 2125 578 2189 Arist.
602 2127 684 2212 Byz.
702 2151 734 2212 p.
758 2131 798 2191 64
822 2151 853 2192 n.
878 2133 928 2192 92.

186 2226 293 2292 Schcl.
322 2227 408 2290 Plut.
441 2229 520 2290 1037
555 2230 690 2309 τηλία·
724 2231 885 2292 κοσκίνου
914 2226 1037 2307 κύκλος
1065 2224 1086 2314 ἢ
1118 2231 1212 2309 σανὶς

100 2336 252 2413 πλατεῖα,
286 2322 340 2412 ἐφ’
372 2317 411 2410 ἧς
438 2322 563 2409 όλφιτα
588 2331 757 2392 ποιοῦσιν.
800 2329 837 2392 έν
865 2327 901 2394 δὲ
929 2334 975 2418 τῷ
996 2326 1211 2416 ὑπομνήματι

100 2427 207 2506 οὕτως
240 2432 359 2493 ετοῦτο
387 2431 421 2493 τί
445 2428 535 2493 ἐστιν
563 2425 627 2493 οὐκ
657 2426 741 2494 οῖδα.
786 2426 838 2495 ὅτι
862 2429 898 2495 δὲ
926 2428 1150 2518 συμβάλλεται
1173 2434 1210 2499 έν

100 2536 240 2620 Μαρικᾷ
261 2528 454 2608 Εὐπόλιδος
477 2527 562 2596 οἶδα.
590 2527 688 2598 κᾶκεί
706 2530 770 2616 γὰρ
793 2529 854 2616 τὴν
864 2527 1070 2618 Ὑπερβόλου
1086 2536 1212 2620 μητέρα

99 2638 194 2724 τηλία
216 2631 347 2719 εἰκάζει,
367 2637 408 2721 τῇ
423 2639 560 2722 πλατείᾳ
574 2638 716 2700 σανίδι.’
739 2635 946 2700 Difficillime
960 2636 1063 2700 verba
1078 2637 1211 2702 Schnei-

100 2740 197 2804 derus
219 2762 251 2825 p.
274 2741 312 2800 14
335 2759 460 2820 vereor,
484 2745 521 2801 ut
541 2747 629 2802 recte
648 2739 734 2802 hunc
757 2739 790 2801 in
810 2739 942 2803 modum
964 2739 1211 2824 interpretetur:

100 2843 187 2906 ‘scic
213 2841 320 2905 locum
350 2849 498 2904 nostrum
526 2839 819 2922 01110001111ηλία
846 2839 888 2903 ab
909 2841 1086 2925 interprete
1102 2840 1211 2926 Eupo-

100 2944 175 3008 lidis
190 2965 265 3006 cum
280 2942 379 3008 simili
397 2943 535 3029 quodam
552 2941 639 3005 illius
658 2943 773 3005 comici
791 2941 862 3006 loco
879 2950 1100 3027 comparatum
1114 2949 1210 3006 ease!

185 3043 293 3110 Schol.
319 3043 418 3130 Soph.
441 3043 510 3107 00.
544 3046 623 3106 1600
657 3039 712 3105 καὶ
742 3036 892 3118 Εὐπολις
925 3046 1081 3129 Μαρικᾷ·
1116 3036 1209 3106 ‘tut’

101 3144 190 3213 εὐθύ
213 3146 341 3222 πόλεως
363 3139 441 3229 εἶμι,
459 3148 566 3209 θῦσαι
589 3141 653 3228 γάρ
678 3168 718 3228 με
741 3142 792 3208 δεῖ
813 3137 910 3228 κριδν
932 3140 1014 3230 χλόη
1031 3140 1209 3228 Δήμητρα’

101 3252 186 3315 ἔνθα
208 3250 368 3331 δηλοῦται
398 3251 443 3335 (q.
467 3247 489 3312 l.
512 3247 597 3311 male
619 3247 708 3332 vulg.
732 3249 837 3329 δῆλον
859 3241 945 3331 ὅτι),
971 3231 1023 3311 ότι
1046 3244 1101 3310 καὶ
1118 3243 1211 3329 κριὸς

100 3349 221 3435 θήλεια
250 3353 290 3437 τῇ
317 3353 390 3438 θεῷ
416 3346 520 3436 ταύτη
542 3344 672 3414 θύεται.
717 3344 866 3412 οῦτοι-δέ
887 3350 1029 3432 τιμᾶται.
1075 3351 1211 3413 Rectam

101 3454 315 3538 intellegendi
336 3454 424 3518 viam
443 3454 583 3540 praeivit
602 3451 756 3516 Wolffius
778 3474 810 3536 p.
837 3454 885 3512 15.
961 3517 966 3522 ,

187 3556 295 3621 Schcl.
316 3555 375 3619 Ar.
399 3556 483 3642 qu.
506 3557 567 3618 938
591 3549 716 3618 ἔστιδὲ
736 3545 843 3617 πολλὰ
865 3549 919 3614 καὶ
940 3542 1021 3632 παρ’
1045 3544 1213 3614 Εὐπόλιδι

102 3660 351 3741 σεσημειωμένα
380 3657 422 3720 ad
445 3656 626 3742 Didymum
651 3654 733 3716 nihil
754 3652 864 3716 facere
885 3652 1032 3732 videtur,
1067 3650 1126 3713 sed
1147 3651 1212 3712 He-

101 3760 219 3825 liodori
240 3760 366 3823 metrici
389 3780 483 3822 curas
507 3758 613 3821 innuit
629 3755 833 3843 Eupolideae
856 3775 984 3840 quoque
1006 3753 1213 3836 κωλομετρίᾳ

103 3862 282 3927 dedicatas.
328 3862 426 3925 Hunc
453 3863 488 3923 in
516 3882 647 3924 sensum
672 3860 869 3945 interpretor
898 3857 996 3918 etiam
1024 3851 1124 3917 schol.
1152 3851 1211 3915 Ar.

101 3964 189 4029 Avv.
212 3967 252 4027 42
274 3962 348 4026 0011.
369 3963 454 4051 qu.
477 3964 548 4046 080,
572 3983 655 4048 quac
677 3957 1126 4051 0011011οΗ01100011010111,
1149 3953 1214 4014 nisi

104 4066 291 4154 Symmachi
314 4074 389 4130 sunt
410 4066 552 4129 metricis
576 4063 747 4127 Hclicdcri
770 4057 1053 4126 observationibus
1081 4054 1212 4117 utentis,
1262 4147 1265 4153 .

543 4247 750 4258 -—-,--—-—-—··-·
