2866 4882
1143 391 1204 451 355

175 555 267 617 Haeo
296 552 464 616 haetenus.
509 552 647 638 Didymi
676 552 864 614 memoriam
897 573 949 636 ap.
980 553 1091 639 Steph.
1121 557 1202 642 Byz.

91 662 119 737 7,
143 659 161 719 3
179 652 289 738 ’Ἀβιοι
321 658 398 735 106,
422 656 440 716 8
462 650 667 718 Ἀπολλωνία
694 654 771 733 562,
792 652 831 712 23
855 648 1018 734 Σήσαμον
1038 656 1080 719 ad
1102 655 1203 742 hypo-

90 766 253 821 mnemata
271 757 304 818 in
317 755 432 819 Iliadis
448 754 549 819 libros
565 755 601 818 II
616 764 648 818 et
662 753 751 817 XIII
768 752 875 816 retuli.
896 752 1096 820 Nedontis
1110 757 1205 821 fluvii

90 880 153 944 quo
175 857 308 920 tandem
328 857 363 918 in
383 845 467 918 libro
485 856 682 918 mentionem
702 855 826 935 feeerit,
848 854 929 940 (yid.
942 856 1050 920 Bekk.
1066 858 1203 921 aneodd.

34 1033 36 1037 Ι
90 959 142 1021 ΙΙΙ
164 981 195 1044 p.
214 956 309 1041 1393)
334 956 463 1040 integra
476 977 593 1018 caussa
611 963 669 1018 est.
682 994 725 1004 —
737 955 830 1034 Quae
847 977 919 1018 oum
934 958 981 1020 ita
1002 957 1076 1040 sint,
1096 959 1203 1023 nullus

91 1060 204 1125 dubito
238 1059 316 1144 quin
345 1054 450 1120 codex
472 1055 577 1118 Paris.
600 1075 651 1142 ap.
675 1056 854 1141 Brequing.
878 1064 934 1120 aut
956 1057 1040 1122 falsa
1062 1061 1204 1124 tradide-

90 1163 133 1226 rit
157 1162 243 1224 inter
272 1180 371 1246 opera
396 1157 562 1243 Didymea
588 1156 709 1220 librum
740 1157 815 1238 περὶ
841 1165 1052 1243 γεωγραφίας
1075 1184 1204 1225 enume-

91 1284 182 1344 rans,
206 1270 271 1343 aut,
293 1261 380 1347 quod
401 1281 479 1324 vero
500 1269 548 1322 est
571 1257 786 1342 simillimum,
810 1261 912 1325 verba
934 1263 998 1324 ista
1020 1284 1085 1326 non
1108 1262 1203 1326 modo

92 1371 243 1448 corrupta
266 1363 324 1425 sed
346 1383 404 1425 suo
426 1363 523 1425 etiam
546 1359 616 1424 loco
634 1368 721 1422 mota
737 1362 802 1423 sint
821 1361 907 1444 infra
922 1370 996 1447 apte
1012 1362 1202 1426 inserenda:

92 1465 287 1546 Δίδυμος
312 1456 564 1544 Ἀλεξανδρεύς·
596 1459 684 1547 [περὶ
714 1465 876 1542 γεωργίας
903 1453 935 1549 ἢ]
972 1457 1139 1545 γεωργικὰ
1166 1462 1203 1525 ἐν

93 1567 233 1650 βιβλίοις
256 1587 295 1628 ιε.
340 1565 390 1628 Ao
420 1564 559 1628 fortasse
590 1563 688 1625 etiam
714 1562 851 1625 ulterius
873 1564 1027 1647 progredi
1047 1563 1138 1644 lieet,
1167 1573 1205 1627 ut

37 1734 40 1740 ,
92 1667 266 1732 verborum
289 1661 306 1730 ὁ
329 1665 405 1742 νέος
419 1705 462 1716 —-
477 1668 531 1728 καί
554 1659 656 1740 αὐτὸς
678 1661 903 1746 γραμματικός
923 1664 1077 1749 (Ειιάοο.)
1098 1672 1204 1749 patro-

93 1770 177 1832 cinio
211 1777 339 1855 arrepto
376 1767 556 1832 scribamus
590 1768 776 1849 Δίδυμος
810 1760 827 1828 ὁ
857 1765 931 1841 νέος
957 1759 1203 1849 Ἀλεξανδρεύς,

93 1871 147 1933 καί
171 1863 272 1945 αὐτὸς
292 1864 519 1952 γραμματικὸς
544 1867 681 1952 [ἔγραψε
704 1867 779 1948 περὶ
803 1870 965 1949 γεωργίας
979 1858 1010 1953 ἢ]
1036 1861 1203 1949 γεωργικὰ

95 1969 131 2033 ἐν
150 1973 292 2055 βιβλίοις
315 1994 354 2035 ιε.
399 1970 505 2032 Huius
536 1955 792 2051 fragmentorum
819 1969 960 2031 indicem
992 1967 1126 2031 exhibet
1147 1966 1204 2028 Ni-

94 2074 160 2136 olas
184 2073 331 2158 Geopon.
354 2071 420 2135 vol.
443 2070 491 2133 IV
513 2091 545 2154 p.
571 2071 663 2132 1276.
