2812 4868
1153 371 1194 430 53

165 530 439 617 Sed'Hosyohius
469 530 490 595 l.
514 530 536 594 l.
564 538 601 594 ut
622 515 812 595 sanissimus
831 532 905 614 sit,
922 553 1017 620 quem
1036 533 1194 621 deprava-

78 635 240 700 tissimum
261 633 460 714 iudicamus,
493 655 535 696 ne
564 641 633 697 tum
660 633 791 720 quidem
812 634 950 700 multum
973 657 1033 700 nos
1054 638 1194 702 morabi-

78 747 142 802 tur.
187 736 288 818 Nam,
317 734 446 798 tametsi
467 733 638 820 probabile
660 736 717 819 sit,
743 735 779 800 id
801 735 888 823 quod
906 736 1064 821 diximus,
1087 739 1193 827 Lyco·

78 839 240 926 phroneas
262 835 438 902 verborum
461 835 696 923 explicationes
719 838 913 903 densissimo
935 840 1065 924 agmine
1080 842 1118 904 in
1132 842 1192 906 Di·

79 940 169 1026 dymi
191 938 322 1003 lexicon
345 947 492 1024 receptas
515 959 601 1022 esse,
623 940 683 1004 vix
702 948 738 1004 ut
759 939 900 1022 aliunde,
925 950 1082 1028 quotquot
1104 944 1191 1030 apud

78 1040 281 1128 Hesychium
295 1041 516 1122 inveniuntur,
534 1039 706 1126 irrepsisse
722 1041 905 1126 videantur,
921 1051 1031 1108 tamen
1043 1053 1191 1131 receptas

79 1163 152 1210 csse
175 1164 287 1206 omnes
306 1163 372 1206 non
393 1141 489 1206 modo
512 1143 619 1206 evinci
640 1163 706 1207 non
726 1143 854 1229 poterit,
877 1143 935 1208 sed
953 1145 1051 1210 stiam
1066 1167 1104 1210 eo
1119 1147 1190 1232 ipso

78 1241 283 1327 refutabitur,
307 1242 394 1329 quod
415 1242 627 1306 inueniuntur
646 1242 833 1327 nonnullae,
857 1243 1053 1332 eaedemque
1073 1268 1190 1333 nempe

78 1345 281 1427 reiecticiae,
313 1365 396 1431 quae
426 1343 558 1430 quidem
579 1345 613 1407 in
636 1344 803 1431 Hesychio
825 1344 964 1432 Didymi
982 1348 1091 1434 copias
1114 1369 1188 1413 con-

77 1450 201 1513 tinente
235 1468 302 1511 non
335 1455 475 1510 exstant.
521 1446 635 1534 Itaque
667 1447 754 1512 nude
780 1456 817 1512 ut
845 1447 966 1530 dicam,
996 1471 1062 1514 non
1094 1458 1188 1535 tecte,

78 1537 158 1639 quid
187 1550 339 1631 sentiam,
366 1547 592 1613 Eratosthenis
615 1548 841 1636 Lycophronis
872 1548 1078 1636 Asclepiadis
1100 1553 1188 1640 Myr-

78 1651 165 1716 leani
187 1651 374 1716 Polemonis
397 1659 613 1737 quotcumque
631 1651 762 1715 nomine
787 1649 841 1715 vel
856 1651 954 1716 tacito
970 1651 1025 1716 vel
1040 1652 1189 1740 adposito

76 1752 164 1840 apud
183 1751 396 1839 Hesychium‘
412 1752 623 1817 inveniuntur
649 1755 932 1839 interpretationes
952 1753 1142 1838 verborum,
1171 1779 1188 1820 e

76 1854 220 1942 Didymo
244 1854 307 1918 huc
325 1861 574 1940 promanarunt,
595 1851 733 1916 aliorum
739 1901 747 1934 ,
775 1875 859 1940 quae
879 1852 921 1917 ab
943 1853 1111 1941 Hesychio
1132 1856 1187 1921 ab·

76 1964 164 2039 sunt,
188 1957 331 2020 omnium
361 1953 602 2018 multitudinem
625 1955 703 2018 satis
726 1954 866 2040 amplam
887 1956 915 2018 si
937 1955 1100 2043 Didymus
1123 1979 1187 2022 me·

75 2058 178 2122 moria
197 2057 350 2142 dignatus
373 2055 444 2137 est,
459 2055 493 2118 in
514 2053 673 2138 singulari
694 2056 801 2141 potius
822 2058 1062 2139 commentario,
1087 2079 1184 2144 quam

75 2161 108 2223 in
131 2159 239 2224 lexico
261 2159 384 2222 comico
406 2156 681 2245 commemoravit.
727 2154 931 2243 Quamquam
953 2159 988 2220 in
1008 2166 1099 2224 tanta
1121 2159 1187 2225 He-

76 2261 182 2349 sychii
203 2246 462 2325 testimoniorum
482 2258 619 2342 penuria
640 2257 764 2345 aliquid
785 2279 898 2344 sapere
920 2258 1055 2324 difficile
1077 2270 1136 2325 est.

158 2361 222 2426 His
252 2362 366 2426 evictis
392 2360 512 2425 rectius
541 2357 758 2423 iudicabimus
782 2359 822 2424 de
842 2359 989 2448 Lycoph.
1008 2383 1060 2448 ap.
1084 2362 1185 2428 schol.

75 2465 132 2530 Ar.
158 2466 282 2551 Vespp.
304 2465 341 2527 91
381 2455 489 2527 odos
511 2456 748 2543 πασπάλην·
781 2456 856 2525 ἀντὶ
880 2464 941 2525 τοῦ
963 2456 1044 2527 οὐδὲ
1066 2462 1184 2549 βραχύ.

75 2561 179 2650 πρὸς
194 2562 449 2648 Λυκόφρονα
471 2563 518 2647 ds',
537 2557 590 2628 ὅτι
607 2557 805 2647 ἀδιορίστως
825 2557 998 2629 ἀπέδωκεν
1013 2563 1194 2648 ἐλάχιστόν

76 2693 115 2734 τι.
152 2665 241 2744 τινὲς
261 2667 301 2732 δέ
320 2683 442 2750 φασιν,
467 2661 518 2731 ὅτι
540 2667 705 2758 μαγνίτην
727 2663 870 2748 κέγχρον
892 2663 1070 2749 πασπάλην
1090 2671 1183 2750 φασί.

77 2771 166 2857 (Ald.
196 2771 361 2853 μαγνῆτιν
390 2767 521 2852 πέτρον.
567 2766 657 2831 Nihil
688 2767 775 2853 quod
802 2766 865 2832 huc
893 2767 993 2832 faciat
1016 2769 1129 2833 inveni
1152 2770 1187 2832 in

74 2871 132 2937 Ph.
160 2872 351 2936 Buttmanni
381 2871 460 2936 diss.
492 2871 615 2934 inserta
644 2890 756 2934 museo
784 2871 885 2956 antiq.
919 2872 997 2934 1808
1027 2870 1094 2935 vol.
1121 2871 1184 2956 ΙΙ.)

73 2975 124 3038 De
154 2972 397 3042 titivillitiorum
425 2971 719 3058 significationibus
744 2965 945 3038 Graecorum
971 2973 1014 3037 cf.
1037 2973 1183 3038 Lobcck.

74 3074 238 3160 Aglaoph.
259 3073 294 3137 ΙΙ
321 3073 474 3139 1332111
496 3074 576 3138 Hes.
599 3073 635 3137 II
655 3097 688 3160 p.
705 3076 766 3138 888
790 3072 864 3138 coll.
889 3073 984 3140 Phot.
1007 3079 1079 3159 401,
1102 3079 1121 3139 9
1143 3098 1186 3142 ex

74 3177 123 3241 his
163 3175 435 3262 explicationibus
474 3176 543 3241 sola
578 3173 739 3260 κέγχρον,
755 3176 825 3239 sine
865 3175 933 3241 ullo
964 3176 1184 3243 additamento

72 3287 217 3367 apparet.

159 3379 267 3446 Schol.
280 3379 339 3445 Ar.
352 3379 473 3467 Vespp.
497 3381 555 3443 103
578 3371 656 3443 clad
674 3376 1184 3464 δορπηστοῦ·.Λνκόφρων

74 3477 138 3548 ἀπὸ
162 3475 311 3564 ἀρίστου.
336 3483 370 3547 οἱ
386 3479 423 3546 δὲ
447 3475 543 3547 ἄλλοι
566 3478 688 3559 πάντες
701 3477 810 3564 δόρπα
826 3477 866 3546 τὰ
887 3483 1016 3547 δεῖπνα.
1036 3483 1181 3571 Hesyoh.

74 3608 97 3650 s.
110 3607 144 3649 v.
161 3580 307 3665 δόρπα·
332 3584 460 3648 δεῖπνα.
485 3579 730 3667 ὃόρπιστος·
753 3578 824 3666 ὥρα
847 3587 909 3649 τοῦ
929 3585 1078 3650 δείπνου.
1103 3583 1184 3651 Post

74 3683 251 3772 ίόρπισιος
271 3684 368 3751 facile
387 3685 539 3750 excidere
562 3694 689 3773 poterat
711 3681 860 3770 ι’ίριστον.

158 3786 266 3854 Schol.
288 3788 347 3852 Ar.
369 3786 499 3850 Thesm.
525 3792 585 3851 574
615 3783 667 3852 ὅτι
688 3787 742 3854 ἐπὶ
760 3791 964 3873 γυναικείων
986 3791 1119 3877 τριχῶν,
1138 3783 1184 3866 ὡς

73 3885 106 3954 τό
132 3885 231 3973 πολύ,
252 3889 307 3954 καὶ
331 3884 382 3954 ὅτι
405 3896 669 3975 παρετυμολογεῑ
688 3885 749 3955 τὸν
767 3887 875 3957 πόκον
897 3884 939 3955 οὐ
959 3895 1077 3968 κακῶς.
1099 3895 1130 3954 A
1137 3913 1183 3953 ν-
1243 3931 1244 3934 =

75 3987 244 4074 κόφρων
266 3988 304 4055 δὲ
322 3985 460 4068 ἁπλῶς
481 3984 541 4068 τὰς’
559 3993 680 4074 τρίχας.
715 3987 864 4076 ἐμπλοαὴ
886 3992 926 4057 δέ
944 4015 995 4068 τις
1016 3994 1180 4076 φαίνεται.

75 4091 126 4157 καὶ
160 4095 362 4177 πλοκαμῑᾶες
393 4098 540 4170 σπανίως
574 4090 654 4159 ποτὲ
680 4094 734 4159 ἐπὶ
766 4089 891 4178 ἀνδρὸς
921 4095 1060 4177 λέγεται.
1100 4091 1180 4156 Hes.

73 4191 198 4260 11982.

152 4295 272 4360 Athen.
301 4296 354 4360 XI
383 4297 485 4360 4851)
526 4292 721 4382 Λυκόφρων
749 4293 786 4361 δὲ
814 4293 851 4360 ἐν
878 4298 924 4383 τῷ
956 4289 1084 4383 ἑννάτρι
1106 4292 1181 4378 περὶ
