<?xml version="1.0" encoding="UTF-8"?>
<!DOCTYPE html PUBLIC "-//W3C//DTD XHTML 1.0 Transitional//EN"
    "http://www.w3.org/TR/xhtml1/DTD/xhtml1-transitional.dtd">
<html xmlns="http://www.w3.org/1999/xhtml" xml:lang="en" lang="en">
 <head>
  <title>
</title>
<meta http-equiv="Content-Type" content="text/html;charset=utf-8" />
  <meta name='ocr-system' content='tesseract 3.04.00' />
  <meta name='ocr-capabilities' content='ocr_page ocr_carea ocr_par ocr_line ocrx_word'/>
</head>
<body>
  <div class='ocr_page' id='page_1' title='image "./didymichalcente01schmgoog_0269.png"; bbox 0 0 2894 4890; ppageno 0'>
   <div class='ocr_carea' id='block_1_1' title="bbox 155 371 284 432">
    <p class='ocr_par' dir='ltr' id='par_1_1' title="bbox 155 371 284 432">
     <span class='ocr_line' id='line_1_1' title="bbox 155 371 284 432; baseline 0 -1"><span class='ocrx_word' id='word_1_1' title='bbox 155 388 160 397; x_wconf 89' lang='lat'><strong>·</strong></span> <span class='ocrx_word' id='word_1_2' title='bbox 223 371 284 432; x_wconf 80' lang='lat'><strong><em>250</em></strong></span> 
     </span>
    </p>
   </div>
   <div class='ocr_carea' id='block_1_2' title="bbox 218 523 1337 1535">
    <p class='ocr_par' dir='ltr' id='par_1_2' title="bbox 218 523 1337 1535">
     <span class='ocr_line' id='line_1_2' title="bbox 220 523 1336 624; baseline -0.001 -23"><span class='ocrx_word' id='word_1_3' title='bbox 220 531 447 619; x_wconf 76' lang='grc' dir='ltr'><strong><em>ἀντίστροφον</em></strong></span> <span class='ocrx_word' id='word_1_4' title='bbox 469 537 515 623; x_wconf 76' lang='grc' dir='ltr'><strong><em>τῷ</em></strong></span> <span class='ocrx_word' id='word_1_5' title='bbox 525 536 597 624; x_wconf 78' lang='grc' dir='ltr'><strong><em>Χίῳ</em></strong></span> <span class='ocrx_word' id='word_1_6' title='bbox 616 535 785 618; x_wconf 88' lang='grc' dir='ltr'><strong><em>λέγεσθαι.</em></strong></span> <span class='ocrx_word' id='word_1_7' title='bbox 817 533 915 598; x_wconf 84' lang='grc' dir='ltr'><strong><em>τούτο</em></strong></span> <span class='ocrx_word' id='word_1_8' title='bbox 936 523 1001 599; x_wconf 80' lang='grc' dir='ltr'><strong><em>οὖν</em></strong></span> <span class='ocrx_word' id='word_1_9' title='bbox 1020 551 1137 618; x_wconf 83' lang='grc' dir='ltr'><strong><em>φησιν,</em></strong></span> <span class='ocrx_word' id='word_1_10' title='bbox 1157 529 1210 599; x_wconf 86' lang='grc' dir='ltr'><strong><em>ότι</em></strong></span> <span class='ocrx_word' id='word_1_11' title='bbox 1233 529 1336 600; x_wconf 87' lang='grc' dir='ltr'><strong><em>ούδέ-</em></strong></span> 
     </span>
     <span class='ocr_line' id='line_1_3' title="bbox 221 630 1337 722; baseline -0.001 -19"><span class='ocrx_word' id='word_1_12' title='bbox 221 661 301 704; x_wconf 86' lang='grc' dir='ltr'><strong><em>ποτε</em></strong></span> <span class='ocrx_word' id='word_1_13' title='bbox 321 642 524 722; x_wconf 84' lang='grc' dir='ltr'><strong><em>κακοβουλεί</em></strong></span> <span class='ocrx_word' id='word_1_14' title='bbox 542 632 771 721; x_wconf 80' lang='grc' dir='ltr'><strong><em>ὁΘηραμένης</em></strong></span> <span class='ocrx_word' id='word_1_15' title='bbox 791 630 836 713; x_wconf 77' lang='grc' dir='ltr'><strong><em>ὡς</em></strong></span> <span class='ocrx_word' id='word_1_16' title='bbox 858 636 895 700; x_wconf 89' lang='grc' dir='ltr'><strong><em>έν</em></strong></span> <span class='ocrx_word' id='word_1_17' title='bbox 916 630 1147 720; x_wconf 88' lang='grc' dir='ltr'><strong><em>ἀστραγάλοις,</em></strong></span> <span class='ocrx_word' id='word_1_18' title='bbox 1165 630 1235 702; x_wconf 90' lang='grc' dir='ltr'><strong><em>ἀλλ’</em></strong></span> <span class='ocrx_word' id='word_1_19' title='bbox 1261 636 1337 702; x_wconf 89' lang='grc' dir='ltr'><strong><em>έπι-</em></strong></span> 
     </span>
     <span class='ocr_line' id='line_1_4' title="bbox 220 730 1336 825; baseline -0.002 -20"><span class='ocrx_word' id='word_1_20' title='bbox 220 737 387 822; x_wconf 79' lang='grc' dir='ltr'><strong><em>τυγχάνει.</em></strong></span> <span class='ocrx_word' id='word_1_21' title='bbox 437 736 627 823; x_wconf 77' lang='grc' dir='ltr'><strong><em>ἐπιπλήττει</em></strong></span> <span class='ocrx_word' id='word_1_22' title='bbox 654 737 692 802; x_wconf 76' lang='grc' dir='ltr'><strong><em>δέ</em></strong></span> <span class='ocrx_word' id='word_1_23' title='bbox 715 732 806 825; x_wconf 77' lang='grc' dir='ltr'><strong><em>αύτῷ</em></strong></span> <span class='ocrx_word' id='word_1_24' title='bbox 834 730 852 800; x_wconf 95' lang='lat'><em>6</em></span> <span class='ocrx_word' id='word_1_25' title='bbox 881 733 1124 820; x_wconf 83' lang='grc' dir='ltr'><strong><em>Δημήτριος</em></strong></span> <span class='ocrx_word' id='word_1_26' title='bbox 1150 731 1194 814; x_wconf 81' lang='grc' dir='ltr'><strong><em>ὡς</em></strong></span> <span class='ocrx_word' id='word_1_27' title='bbox 1215 739 1336 816; x_wconf 80' lang='grc' dir='ltr'><strong><em>τελέως</em></strong></span> 
     </span>
     <span class='ocr_line' id='line_1_5' title="bbox 219 829 1335 924; baseline 0 -20"><span class='ocrx_word' id='word_1_28' title='bbox 219 835 411 924; x_wconf 81' lang='grc' dir='ltr'><strong><em>ἀγνοοῦντι,</em></strong></span> <span class='ocrx_word' id='word_1_29' title='bbox 435 832 487 904; x_wconf 86' lang='grc' dir='ltr'><strong><em>ὅτι</em></strong></span> <span class='ocrx_word' id='word_1_30' title='bbox 500 844 582 916; x_wconf 83' lang='grc' dir='ltr'><strong><em>Κίος</em></strong></span> <span class='ocrx_word' id='word_1_31' title='bbox 604 829 656 923; x_wconf 78' lang='grc' dir='ltr'><strong><em>ἦν.</em></strong></span> <span class='ocrx_word' id='word_1_32' title='bbox 680 841 876 923; x_wconf 76' lang='grc' dir='ltr'><strong><em>παραλείπει</em></strong></span> <span class='ocrx_word' id='word_1_33' title='bbox 900 834 936 902; x_wconf 77' lang='grc' dir='ltr'><strong><em>δὲ</em></strong></span> <span class='ocrx_word' id='word_1_34' title='bbox 959 831 1049 921; x_wconf 88' lang='grc' dir='ltr'><strong><em>ὅμως</em></strong></span> <span class='ocrx_word' id='word_1_35' title='bbox 1071 837 1127 903; x_wconf 80' lang='grc' dir='ltr'><strong><em>καὶ</em></strong></span> <span class='ocrx_word' id='word_1_36' title='bbox 1145 833 1259 922; x_wconf 88' lang='grc' dir='ltr'><strong><em>αύτός,</em></strong></span> <span class='ocrx_word' id='word_1_37' title='bbox 1283 834 1335 904; x_wconf 86' lang='grc' dir='ltr'><strong><em>ὅτι</em></strong></span> 
     </span>
     <span class='ocr_line' id='line_1_6' title="bbox 219 929 1336 1027; baseline -0.001 -22"><span class='ocrx_word' id='word_1_38' title='bbox 219 934 322 1006; x_wconf 75' lang='grc' dir='ltr'><strong><em>ούδδν</em></strong></span> <span class='ocrx_word' id='word_1_39' title='bbox 356 929 455 1024; x_wconf 82' lang='grc' dir='ltr'><strong><em>ἦττον</em></strong></span> <span class='ocrx_word' id='word_1_40' title='bbox 488 937 577 1025; x_wconf 84' lang='grc' dir='ltr'><strong><em>παρά</em></strong></span> <span class='ocrx_word' id='word_1_41' title='bbox 605 934 667 1024; x_wconf 78' lang='grc' dir='ltr'><strong><em>τὴν</em></strong></span> <span class='ocrx_word' id='word_1_42' title='bbox 693 933 862 1004; x_wconf 84' lang='grc' dir='ltr'><strong><em>ὑπόνοιαν</em></strong></span> <span class='ocrx_word' id='word_1_43' title='bbox 887 943 1014 1023; x_wconf 84' lang='grc' dir='ltr'><strong><em>είρηται</em></strong></span> <span class='ocrx_word' id='word_1_44' title='bbox 1040 932 1115 1002; x_wconf 82' lang='grc' dir='ltr'><strong><em>ἀντὶ</em></strong></span> <span class='ocrx_word' id='word_1_45' title='bbox 1144 942 1206 1002; x_wconf 82' lang='grc' dir='ltr'><strong><em>τοῦ</em></strong></span> <span class='ocrx_word' id='word_1_46' title='bbox 1235 942 1336 1027; x_wconf 74' lang='grc' dir='ltr'><strong><em>Κῷος</em></strong></span> 
     </span>
     <span class='ocr_line' id='line_1_7' title="bbox 218 1035 1336 1125; baseline -0.002 -17"><span class='ocrx_word' id='word_1_47' title='bbox 218 1048 310 1119; x_wconf 84' lang='grc' dir='ltr'><strong><em>Κίος.</em></strong></span> <span class='ocrx_word' id='word_1_48' title='bbox 355 1043 546 1125; x_wconf 91' lang='grc' dir='ltr'><strong><em>Δίδυμος</em></strong></span> <span class='ocrx_word' id='word_1_49' title='bbox 569 1042 608 1107; x_wconf 88' lang='grc' dir='ltr'><strong><em>δέ</em></strong></span> <span class='ocrx_word' id='word_1_50' title='bbox 628 1059 744 1125; x_wconf 83' lang='grc' dir='ltr'><strong><em>φησιν,</em></strong></span> <span class='ocrx_word' id='word_1_51' title='bbox 767 1035 819 1106; x_wconf 86' lang='grc' dir='ltr'><strong><em>ότι</em></strong></span> <span class='ocrx_word' id='word_1_52' title='bbox 838 1037 979 1105; x_wconf 91' lang='grc' dir='ltr'><strong><em>δύναται</em></strong></span> <span class='ocrx_word' id='word_1_53' title='bbox 1004 1038 1135 1124; x_wconf 81' lang='grc' dir='ltr'><strong><em>καὶτῆς</em></strong></span> <span class='ocrx_word' id='word_1_54' title='bbox 1154 1046 1336 1124; x_wconf 82' lang='grc' dir='ltr'><strong><em>παροιμίας</em></strong></span> 
     </span>
     <span class='ocr_line' id='line_1_8' title="bbox 218 1135 1335 1229; baseline -0.001 -21"><span class='ocrx_word' id='word_1_55' title='bbox 218 1147 427 1229; x_wconf 82' lang='grc' dir='ltr'><strong><em>μεμνῆσθαι,</em></strong></span> <span class='ocrx_word' id='word_1_56' title='bbox 459 1137 500 1207; x_wconf 89' lang='grc' dir='ltr'><strong><em>ού</em></strong></span> <span class='ocrx_word' id='word_1_57' title='bbox 520 1149 600 1221; x_wconf 81' lang='grc' dir='ltr'><strong><em>Χίος</em></strong></span> <span class='ocrx_word' id='word_1_58' title='bbox 627 1138 711 1208; x_wconf 89' lang='grc' dir='ltr'><strong><em>ἀλλά</em></strong></span> <span class='ocrx_word' id='word_1_59' title='bbox 734 1147 831 1226; x_wconf 80' lang='grc' dir='ltr'><strong><em>Κίος,</em></strong></span> <span class='ocrx_word' id='word_1_60' title='bbox 861 1138 1014 1225; x_wconf 78' lang='grc' dir='ltr'><strong><em>παρόσον</em></strong></span> <span class='ocrx_word' id='word_1_61' title='bbox 1038 1144 1190 1219; x_wconf 85' lang='grc' dir='ltr'><strong><em>ποικίλος</em></strong></span> <span class='ocrx_word' id='word_1_62' title='bbox 1212 1166 1262 1219; x_wconf 89' lang='grc' dir='ltr'><strong><em>τις</em></strong></span> <span class='ocrx_word' id='word_1_63' title='bbox 1286 1135 1335 1207; x_wconf 72' lang='grc' dir='ltr'><strong><em>όν</em></strong></span> 
     </span>
     <span class='ocr_line' id='line_1_9' title="bbox 218 1238 1334 1329; baseline -0.001 -19"><span class='ocrx_word' id='word_1_64' title='bbox 218 1244 274 1310; x_wconf 83' lang='grc' dir='ltr'><strong><em>καὶ</em></strong></span> <span class='ocrx_word' id='word_1_65' title='bbox 295 1239 516 1328; x_wconf 77' lang='grc' dir='ltr'><strong><em>ἀγχίστροφος</em></strong></span> <span class='ocrx_word' id='word_1_66' title='bbox 547 1250 732 1329; x_wconf 79' lang='grc' dir='ltr'><strong><em>καθωμίλει</em></strong></span> <span class='ocrx_word' id='word_1_67' title='bbox 752 1239 993 1325; x_wconf 79' lang='grc' dir='ltr'><strong><em>τούςκαιροδς</em></strong></span> <span class='ocrx_word' id='word_1_68' title='bbox 1017 1238 1100 1327; x_wconf 83' lang='grc' dir='ltr'><strong><em>πρὸς</em></strong></span> <span class='ocrx_word' id='word_1_69' title='bbox 1122 1241 1159 1307; x_wconf 86' lang='grc' dir='ltr'><strong><em>τό</em></strong></span> <span class='ocrx_word' id='word_1_70' title='bbox 1178 1254 1334 1327; x_wconf 82' lang='grc' dir='ltr'><strong><em>κρεῖττον</em></strong></span> 
     </span>
     <span class='ocr_line' id='line_1_10' title="bbox 218 1341 1335 1438; baseline 0.001 -28"><span class='ocrx_word' id='word_1_71' title='bbox 218 1347 318 1438; x_wconf 84' lang='grc' dir='ltr'><strong><em>μέρος</em></strong></span> <span class='ocrx_word' id='word_1_72' title='bbox 341 1341 392 1410; x_wconf 85' lang='grc' dir='ltr'><strong><em>ἀεί</em></strong></span> <span class='ocrx_word' id='word_1_73' title='bbox 413 1343 530 1424; x_wconf 83' lang='grc' dir='ltr'><strong><em>διδούς</em></strong></span> <span class='ocrx_word' id='word_1_74' title='bbox 552 1344 683 1412; x_wconf 84' lang='grc' dir='ltr'><strong><em>ἑαυτόν.</em></strong></span> <span class='ocrx_word' id='word_1_75' title='bbox 720 1345 771 1410; x_wconf 79' lang='lat' dir='ltr'><strong><em>Cf.</em></strong></span> <span class='ocrx_word' id='word_1_76' title='bbox 796 1345 956 1410; x_wconf 78' lang='lat' dir='ltr'><strong><em>Gerhard.</em></strong></span> <span class='ocrx_word' id='word_1_77' title='bbox 982 1346 1022 1410; x_wconf 89' lang='lat' dir='ltr'><strong><em>de</em></strong></span> <span class='ocrx_word' id='word_1_78' title='bbox 1043 1345 1235 1410; x_wconf 76' lang='lat' dir='ltr'>Aristarcho</span> <span class='ocrx_word' id='word_1_79' title='bbox 1257 1346 1335 1411; x_wconf 85' lang='lat' dir='ltr'>Ari-</span> 
     </span>
     <span class='ocr_line' id='line_1_11' title="bbox 218 1448 1051 1535; baseline 0 -23"><span class='ocrx_word' id='word_1_80' title='bbox 218 1448 385 1534; x_wconf 83' lang='lat' dir='ltr'><strong>stophanis</strong></span> <span class='ocrx_word' id='word_1_81' title='bbox 406 1449 542 1534; x_wconf 79' lang='lat' dir='ltr'><strong>interpr.</strong></span> <span class='ocrx_word' id='word_1_82' title='bbox 565 1471 596 1535; x_wconf 91' lang='lat' dir='ltr'><strong><em>p.</em></strong></span> <span class='ocrx_word' id='word_1_83' title='bbox 622 1452 673 1513; x_wconf 87' lang='grc'><strong><em>30.</em></strong></span> <span class='ocrx_word' id='word_1_84' title='bbox 697 1452 749 1532; x_wconf 87' lang='grc'><strong><em>31,</em></strong></span> <span class='ocrx_word' id='word_1_85' title='bbox 772 1448 878 1512; x_wconf 88' lang='lat' dir='ltr'><strong>Bonn.</strong></span> <span class='ocrx_word' id='word_1_86' title='bbox 906 1451 996 1512; x_wconf 91' lang='grc'>1850.</span> <span class='ocrx_word' id='word_1_87' title='bbox 1022 1449 1051 1512; x_wconf 91' lang='lat'><strong><em>8.</em></strong></span> 
     </span>
    </p>
   </div>
   <div class='ocr_carea' id='block_1_3' title="bbox 217 1604 1427 2108">
    <p class='ocr_par' dir='ltr' id='par_1_3' title="bbox 748 1604 798 1665">
     <span class='ocr_line' id='line_1_12' title="bbox 748 1604 798 1665; baseline 0 -1"><span class='ocrx_word' id='word_1_88' title='bbox 748 1604 798 1665; x_wconf 88' lang='grc'><strong><em>16.</em></strong></span> 
     </span>
    </p>

    <p class='ocr_par' dir='ltr' id='par_1_4' title="bbox 217 1711 1427 2108">
     <span class='ocr_line' id='line_1_13' title="bbox 307 1711 1335 1804; baseline 0.005 -24"><span class='ocrx_word' id='word_1_89' title='bbox 307 1722 386 1781; x_wconf 95' lang='grc'>1017</span> <span class='ocrx_word' id='word_1_90' title='bbox 410 1717 534 1804; x_wconf 79' lang='grc'>(1021).</span> <span class='ocrx_word' id='word_1_91' title='bbox 565 1756 606 1768; x_wconf 77' lang='lat'><em>-</em></span> <span class='ocrx_word' id='word_1_92' title='bbox 627 1755 669 1769; x_wconf 88' lang='lat'><strong><em>-·</em></strong></span> <span class='ocrx_word' id='word_1_93' title='bbox 690 1719 895 1801; x_wconf 76' lang='grc' dir='ltr'><strong><em>Δίδυμος,</em></strong></span> <span class='ocrx_word' id='word_1_94' title='bbox 918 1711 970 1782; x_wconf 84' lang='grc' dir='ltr'><strong><em>ὅτι</em></strong></span> <span class='ocrx_word' id='word_1_95' title='bbox 992 1715 1254 1803; x_wconf 86' lang='grc' dir='ltr'><strong><em>Μαμμάκουθος</em></strong></span> <span class='ocrx_word' id='word_1_96' title='bbox 1278 1719 1335 1785; x_wconf 82' lang='grc' dir='ltr'><strong><em>καλ</em></strong></span> 
     </span>
     <span class='ocr_line' id='line_1_14' title="bbox 218 1815 1334 1906; baseline 0.002 -23"><span class='ocrx_word' id='word_1_97' title='bbox 218 1822 401 1902; x_wconf 85' lang='grc' dir='ltr'><strong><em>Μελιτίδης</em></strong></span> <span class='ocrx_word' id='word_1_98' title='bbox 427 1818 480 1884; x_wconf 81' lang='grc' dir='ltr'><strong><em>ἐπὶ</em></strong></span> <span class='ocrx_word' id='word_1_99' title='bbox 502 1824 611 1906; x_wconf 82' lang='grc' dir='ltr'><strong><em>μωρίᾳ</em></strong></span> <span class='ocrx_word' id='word_1_100' title='bbox 635 1817 862 1905; x_wconf 79' lang='grc' dir='ltr'><strong><em>διεβάλλοντο.</em></strong></span> <span class='ocrx_word' id='word_1_101' title='bbox 907 1818 1062 1901; x_wconf 87' lang='grc' dir='ltr'><strong><em>καθάπερ</em></strong></span> <span class='ocrx_word' id='word_1_102' title='bbox 1081 1820 1136 1884; x_wconf 81' lang='grc' dir='ltr'><strong><em>καὶ</em></strong></span> <span class='ocrx_word' id='word_1_103' title='bbox 1158 1815 1175 1885; x_wconf 89' lang='grc' dir='ltr'>ὁ</span> <span class='ocrx_word' id='word_1_104' title='bbox 1199 1825 1334 1885; x_wconf 88' lang='grc' dir='ltr'><strong><em>Βουτα-</em></strong></span> 
     </span>
     <span class='ocr_line' id='line_1_15' title="bbox 217 1916 1427 2007; baseline 0 -19"><span class='ocrx_word' id='word_1_105' title='bbox 217 1925 300 1988; x_wconf 91' lang='grc' dir='ltr'><strong><em>λίων</em></strong></span> <span class='ocrx_word' id='word_1_106' title='bbox 325 1922 379 1986; x_wconf 80' lang='grc' dir='ltr'><strong><em>καί</em></strong></span> <span class='ocrx_word' id='word_1_107' title='bbox 400 1916 418 1986; x_wconf 88' lang='lat'><em>6</em></span> <span class='ocrx_word' id='word_1_108' title='bbox 440 1917 617 2007; x_wconf 83' lang='grc' dir='ltr'><strong><em>Κόροιβος.</em></strong></span> <span class='ocrx_word' id='word_1_109' title='bbox 655 1920 783 2006; x_wconf 85' lang='grc' dir='ltr'><strong><em>μήποτε</em></strong></span> <span class='ocrx_word' id='word_1_110' title='bbox 808 1919 845 1986; x_wconf 73' lang='grc' dir='ltr'><strong><em>δὲ</em></strong></span> <span class='ocrx_word' id='word_1_111' title='bbox 869 1921 1037 2005; x_wconf 84' lang='grc' dir='ltr'><strong><em>γραπτέον</em></strong></span> <span class='ocrx_word' id='word_1_112' title='bbox 1060 1927 1111 2004; x_wconf 83' lang='grc' dir='ltr'><strong><em>είη</em></strong></span> <span class='ocrx_word' id='word_1_113' title='bbox 1134 1920 1334 2005; x_wconf 87' lang='grc' dir='ltr'><strong><em>Μαμμάκυ-</em></strong></span> <span class='ocrx_word' id='word_1_114' title='bbox 1421 1975 1427 1988; x_wconf 92' lang='grc'>.</span> 
     </span>
     <span class='ocr_line' id='line_1_16' title="bbox 217 2020 1333 2108; baseline -0.003 -19"><span class='ocrx_word' id='word_1_115' title='bbox 217 2030 277 2089; x_wconf 93' lang='grc' dir='ltr'><strong><em>θοι</em></strong></span> <span class='ocrx_word' id='word_1_116' title='bbox 299 2021 355 2088; x_wconf 82' lang='grc' dir='ltr'><strong><em>διὰ</em></strong></span> <span class='ocrx_word' id='word_1_117' title='bbox 376 2020 438 2088; x_wconf 87' lang='grc' dir='ltr'><strong><em>τόν</em></strong></span> <span class='ocrx_word' id='word_1_118' title='bbox 461 2028 585 2107; x_wconf 86' lang='grc' dir='ltr'><strong><em>στίχον.</em></strong></span> <span class='ocrx_word' id='word_1_119' title='bbox 630 2025 763 2089; x_wconf 82' lang='lat' dir='ltr'><strong>Videsis</strong></span> <span class='ocrx_word' id='word_1_120' title='bbox 793 2045 844 2088; x_wconf 90' lang='lat' dir='ltr'><strong><em>me</em></strong></span> <span class='ocrx_word' id='word_1_121' title='bbox 866 2025 902 2088; x_wconf 88' lang='lat' dir='ltr'><strong><em>in</em></strong></span> <span class='ocrx_word' id='word_1_122' title='bbox 923 2023 1032 2089; x_wconf 85' lang='lat' dir='ltr'><strong>ennel.</strong></span> <span class='ocrx_word' id='word_1_123' title='bbox 1054 2023 1223 2108; x_wconf 81' lang='lat' dir='ltr'><strong><em>Merburg.</em></strong></span> <span class='ocrx_word' id='word_1_124' title='bbox 1250 2025 1333 2088; x_wconf 84' lang='lat'>1853</span> 
     </span>
    </p>
   </div>
   <div class='ocr_carea' id='block_1_4' title="bbox 151 2127 1333 3726">
    <p class='ocr_par' dir='ltr' id='par_1_5' title="bbox 217 2127 794 2292">
     <span class='ocr_line' id='line_1_17' title="bbox 217 2127 486 2211; baseline 0 -21"><span class='ocrx_word' id='word_1_125' title='bbox 217 2127 297 2190; x_wconf 81' lang='lat' dir='ltr'><strong>fase.</strong></span> <span class='ocrx_word' id='word_1_126' title='bbox 319 2131 338 2190; x_wconf 89' lang='lat'><em>6</em></span> <span class='ocrx_word' id='word_1_127' title='bbox 358 2147 390 2211; x_wconf 91' lang='lat' dir='ltr'><strong><em>p.</em></strong></span> <span class='ocrx_word' id='word_1_128' title='bbox 415 2129 486 2190; x_wconf 91' lang='grc'>517.</span> 
     </span>
     <span class='ocr_line' id='line_1_18' title="bbox 745 2231 794 2292; baseline 0.061 -3"><span class='ocrx_word' id='word_1_129' title='bbox 745 2231 794 2292; x_wconf 87' lang='grc'><strong><em>17.</em></strong></span> 
     </span>
    </p>

    <p class='ocr_par' dir='ltr' id='par_1_6' title="bbox 151 2327 1333 3645">
     <span class='ocr_line' id='line_1_19' title="bbox 304 2327 1333 2432; baseline -0.001 -23"><span class='ocrx_word' id='word_1_130' title='bbox 304 2350 383 2409; x_wconf 92' lang='grc'>1055</span> <span class='ocrx_word' id='word_1_131' title='bbox 409 2344 531 2432; x_wconf 88' lang='grc'>(1060).</span> <span class='ocrx_word' id='word_1_132' title='bbox 552 2382 595 2393; x_wconf 92' lang='grc'>-</span> <span class='ocrx_word' id='word_1_133' title='bbox 613 2327 655 2392; x_wconf 47' lang='grc'><strong><em>-’</em></strong></span> <span class='ocrx_word' id='word_1_134' title='bbox 675 2384 718 2393; x_wconf 91' lang='grc'>-</span> <span class='ocrx_word' id='word_1_135' title='bbox 740 2340 858 2421; x_wconf 83' lang='grc' dir='ltr'><strong><em>άλλως.</em></strong></span> <span class='ocrx_word' id='word_1_136' title='bbox 895 2343 1108 2426; x_wconf 85' lang='grc' dir='ltr'><strong><em>Δίδυμος,</em></strong></span> <span class='ocrx_word' id='word_1_137' title='bbox 1132 2335 1246 2408; x_wconf 84' lang='grc' dir='ltr'><strong><em>ὅτιού</em></strong></span> <span class='ocrx_word' id='word_1_138' title='bbox 1271 2366 1333 2408; x_wconf 90' lang='grc' dir='ltr'><strong><em>πε-</em></strong></span> 
     </span>
     <span class='ocr_line' id='line_1_20' title="bbox 217 2438 1333 2529; baseline -0.001 -19"><span class='ocrx_word' id='word_1_139' title='bbox 217 2446 365 2528; x_wconf 91' lang='grc' dir='ltr'><strong><em>ριέχουσι</em></strong></span> <span class='ocrx_word' id='word_1_140' title='bbox 387 2444 541 2511; x_wconf 87' lang='grc' dir='ltr'><strong><em>θάνατον</em></strong></span> <span class='ocrx_word' id='word_1_141' title='bbox 563 2449 713 2527; x_wconf 86' lang='grc' dir='ltr'><strong><em>Δαρείου</em></strong></span> <span class='ocrx_word' id='word_1_142' title='bbox 737 2447 771 2511; x_wconf 84' lang='grc' dir='ltr'><strong><em>οί</em></strong></span> <span class='ocrx_word' id='word_1_143' title='bbox 791 2449 918 2529; x_wconf 84' lang='grc' dir='ltr'><strong><em>Πέρσαι</em></strong></span> <span class='ocrx_word' id='word_1_144' title='bbox 945 2438 982 2509; x_wconf 86' lang='grc' dir='ltr'><strong><em>τό</em></strong></span> <span class='ocrx_word' id='word_1_145' title='bbox 1008 2445 1126 2526; x_wconf 80' lang='grc' dir='ltr'><strong><em>δρᾶμα,</em></strong></span> <span class='ocrx_word' id='word_1_146' title='bbox 1168 2441 1223 2508; x_wconf 92' lang='grc' dir='ltr'><strong><em>διό</em></strong></span> <span class='ocrx_word' id='word_1_147' title='bbox 1241 2467 1333 2522; x_wconf 89' lang='grc' dir='ltr'><strong><em>τινες</em></strong></span> 
     </span>
     <span class='ocr_line' id='line_1_21' title="bbox 217 2540 1332 2636; baseline 0 -26"><span class='ocrx_word' id='word_1_148' title='bbox 217 2548 417 2636; x_wconf 80' lang='grc' dir='ltr'><strong><em>(Ηεεοδίοαε</em></strong></span> <span class='ocrx_word' id='word_1_149' title='bbox 438 2557 517 2634; x_wconf 82' lang='lat' dir='ltr'><strong>puta</strong></span> <span class='ocrx_word' id='word_1_150' title='bbox 540 2556 571 2612; x_wconf 88' lang='lat' dir='ltr'><strong><em>et</em></strong></span> <span class='ocrx_word' id='word_1_151' title='bbox 585 2548 834 2630; x_wconf 69' lang='lat' dir='ltr'>Eratosthenes)</span> <span class='ocrx_word' id='word_1_152' title='bbox 857 2540 969 2622; x_wconf 85' lang='grc' dir='ltr'><strong><em>διττὰς</em></strong></span> <span class='ocrx_word' id='word_1_153' title='bbox 987 2544 1143 2622; x_wconf 79' lang='grc' dir='ltr'><strong><em>καθίσεις</em></strong></span> <span class='ocrx_word' id='word_1_154' title='bbox 1167 2544 1332 2632; x_wconf 83' lang='grc' dir='ltr'><strong><em>[τουτέστι</em></strong></span> 
     </span>
     <span class='ocr_line' id='line_1_22' title="bbox 217 2643 1329 2737; baseline -0.003 -24"><span class='ocrx_word' id='word_1_155' title='bbox 217 2649 442 2737; x_wconf 83' lang='grc' dir='ltr'><strong><em>διδασκαλίας]</em></strong></span> <span class='ocrx_word' id='word_1_156' title='bbox 467 2653 535 2713; x_wconf 74' lang='grc' dir='ltr'><strong><em>τοῖν</em></strong></span> <span class='ocrx_word' id='word_1_157' title='bbox 554 2653 698 2732; x_wconf 78' lang='grc' dir='ltr'><strong><em>Περσων</em></strong></span> <span class='ocrx_word' id='word_1_158' title='bbox 719 2655 810 2732; x_wconf 92' lang='grc' dir='ltr'><strong><em>φασί.</em></strong></span> <span class='ocrx_word' id='word_1_159' title='bbox 834 2649 890 2713; x_wconf 78' lang='grc' dir='ltr'><strong><em>καὶ</em></strong></span> <span class='ocrx_word' id='word_1_160' title='bbox 914 2643 976 2731; x_wconf 80' lang='grc' dir='ltr'><strong><em>τὴν</em></strong></span> <span class='ocrx_word' id='word_1_161' title='bbox 992 2651 1071 2731; x_wconf 89' lang='grc' dir='ltr'><strong><em>μίαν</em></strong></span> <span class='ocrx_word' id='word_1_162' title='bbox 1093 2649 1153 2733; x_wconf 81' lang='lat' dir='ltr'><strong><em>(se.</em></strong></span> <span class='ocrx_word' id='word_1_163' title='bbox 1170 2643 1329 2728; x_wconf 80' lang='grc' dir='ltr'><strong><em>κάθεσιν)</em></strong></span> 
     </span>
     <span class='ocr_line' id='line_1_23' title="bbox 216 2745 1331 2838; baseline -0.002 -24"><span class='ocrx_word' id='word_1_164' title='bbox 216 2746 261 2836; x_wconf 75' lang='grc' dir='ltr'><strong><em>μὴ</em></strong></span> <span class='ocrx_word' id='word_1_165' title='bbox 286 2750 461 2838; x_wconf 87' lang='grc' dir='ltr'><strong><em>φέρεσθαι.</em></strong></span> <span class='ocrx_word' id='word_1_166' title='bbox 508 2745 596 2827; x_wconf 73' lang='grc' dir='ltr'><strong><em>τινὲς</em></strong></span> <span class='ocrx_word' id='word_1_167' title='bbox 618 2749 654 2815; x_wconf 74' lang='grc' dir='ltr'><strong><em>δὲ</em></strong></span> <span class='ocrx_word' id='word_1_168' title='bbox 685 2750 730 2837; x_wconf 69' lang='lat' dir='ltr'><strong><em>(h.</em></strong></span> <span class='ocrx_word' id='word_1_169' title='bbox 753 2773 780 2815; x_wconf 89' lang='lat' dir='ltr'><strong><em>e.</em></strong></span> <span class='ocrx_word' id='word_1_170' title='bbox 805 2750 957 2837; x_wconf 82' lang='lat' dir='ltr'><strong>Ohaeris)</strong></span> <span class='ocrx_word' id='word_1_171' title='bbox 986 2746 1157 2834; x_wconf 90' lang='grc' dir='ltr'><strong><em>γράφουσι</em></strong></span> <span class='ocrx_word' id='word_1_172' title='bbox 1178 2754 1331 2831; x_wconf 86' lang='grc' dir='ltr'><strong><em>Δαρείου</em></strong></span> 
     </span>
     <span class='ocr_line' id='line_1_24' title="bbox 216 2839 1331 2937; baseline -0.003 -22"><span class='ocrx_word' id='word_1_173' title='bbox 216 2855 277 2915; x_wconf 88' lang='grc' dir='ltr'><strong><em>τοῦ</em></strong></span> <span class='ocrx_word' id='word_1_174' title='bbox 296 2851 432 2937; x_wconf 74' lang='grc' dir='ltr'><strong><em>Ξέρξου.</em></strong></span> <span class='ocrx_word' id='word_1_175' title='bbox 456 2852 490 2915; x_wconf 68' lang='lat' dir='ltr'><strong><em>ot</em></strong></span> <span class='ocrx_word' id='word_1_176' title='bbox 507 2851 554 2936; x_wconf 90' lang='grc' dir='ltr'><strong><em>δέ,</em></strong></span> <span class='ocrx_word' id='word_1_177' title='bbox 578 2845 630 2918; x_wconf 86' lang='grc' dir='ltr'><strong><em>ὅτι</em></strong></span> <span class='ocrx_word' id='word_1_178' title='bbox 652 2862 721 2929; x_wconf 81' lang='grc' dir='ltr'><strong><em>τοῖς</em></strong></span> <span class='ocrx_word' id='word_1_179' title='bbox 743 2856 872 2936; x_wconf 90' lang='grc' dir='ltr'><strong><em>κυρίοις</em></strong></span> <span class='ocrx_word' id='word_1_180' title='bbox 893 2839 968 2914; x_wconf 85' lang='grc' dir='ltr'><strong><em>ἀντὶ</em></strong></span> <span class='ocrx_word' id='word_1_181' title='bbox 979 2852 1250 2932; x_wconf 73' lang='grc' dir='ltr'><strong><em>πατρωνυμικόν</em></strong></span> <span class='ocrx_word' id='word_1_182' title='bbox 1273 2851 1331 2913; x_wconf 86' lang='grc' dir='ltr'><strong><em>κε’-</em></strong></span> 
     </span>
     <span class='ocr_line' id='line_1_25' title="bbox 215 2947 1331 3038; baseline -0.002 -22"><span class='ocrx_word' id='word_1_183' title='bbox 215 2976 364 3038; x_wconf 84' lang='grc' dir='ltr'><strong><em>χρηνται.</em></strong></span> <span class='ocrx_word' id='word_1_184' title='bbox 407 2954 461 3017; x_wconf 84' lang='grc' dir='ltr'><strong><em>καί</em></strong></span> <span class='ocrx_word' id='word_1_185' title='bbox 495 2948 547 3018; x_wconf 88' lang='grc' dir='ltr'><strong><em>ότι</em></strong></span> <span class='ocrx_word' id='word_1_186' title='bbox 581 2948 599 3016; x_wconf 90' lang='lat'><em>6</em></span> <span class='ocrx_word' id='word_1_187' title='bbox 632 2953 772 3037; x_wconf 76' lang='grc' dir='ltr'><strong><em>Ξέρξης,</em></strong></span> <span class='ocrx_word' id='word_1_188' title='bbox 808 2954 842 3017; x_wconf 75' lang='lat' dir='ltr'><strong><em>oc</em></strong></span> <span class='ocrx_word' id='word_1_189' title='bbox 869 2949 906 3017; x_wconf 71' lang='grc' dir='ltr'><strong><em>δὲ</em></strong></span> <span class='ocrx_word' id='word_1_190' title='bbox 931 2947 983 3017; x_wconf 85' lang='grc' dir='ltr'><strong><em>ότι</em></strong></span> <span class='ocrx_word' id='word_1_191' title='bbox 1012 2953 1153 3016; x_wconf 89' lang='grc' dir='ltr'><strong><em>είδωλον</em></strong></span> <span class='ocrx_word' id='word_1_192' title='bbox 1179 2956 1331 3033; x_wconf 86' lang='grc' dir='ltr'><strong><em>Δαρείου</em></strong></span> 
     </span>
     <span class='ocr_line' id='line_1_26' title="bbox 151 3049 1330 3137; baseline 0 -21"><span class='ocrx_word' id='word_1_193' title='bbox 151 3075 154 3081; x_wconf 69' lang='grc'><strong>’</strong></span> <span class='ocrx_word' id='word_1_194' title='bbox 217 3053 401 3135; x_wconf 78' lang='grc' dir='ltr'><strong><em>φθέγγεται</em></strong></span> <span class='ocrx_word' id='word_1_195' title='bbox 424 3053 493 3117; x_wconf 76' lang='grc' dir='ltr'><strong><em>ἐκεῖ</em></strong></span> <span class='ocrx_word' id='word_1_196' title='bbox 520 3052 724 3136; x_wconf 88' lang='grc' dir='ltr'><strong><em>τεθνηκότος</em></strong></span> <span class='ocrx_word' id='word_1_197' title='bbox 747 3049 914 3137; x_wconf 83' lang='grc' dir='ltr'><strong><em>δηλονότι.</em></strong></span> <span class='ocrx_word' id='word_1_198' title='bbox 960 3053 1001 3116; x_wconf 92' lang='lat' dir='ltr'><strong><em>In</em></strong></span> <span class='ocrx_word' id='word_1_199' title='bbox 1021 3052 1073 3116; x_wconf 87' lang='lat' dir='ltr'><strong><em>his</em></strong></span> <span class='ocrx_word' id='word_1_200' title='bbox 1095 3051 1251 3127; x_wconf 75' lang='grc' dir='ltr'><strong><em>καθίσεις</em></strong></span> <span class='ocrx_word' id='word_1_201' title='bbox 1270 3074 1330 3137; x_wconf 87' lang='lat' dir='ltr'><strong><em>pro</em></strong></span> 
     </span>
     <span class='ocr_line' id='line_1_27' title="bbox 217 3152 1329 3237; baseline -0.003 -21"><span class='ocrx_word' id='word_1_202' title='bbox 217 3153 330 3228; x_wconf 84' lang='grc' dir='ltr'><strong><em>θέσεις</em></strong></span> <span class='ocrx_word' id='word_1_203' title='bbox 362 3153 499 3218; x_wconf 84' lang='lat' dir='ltr'><strong>debetur</strong></span> <span class='ocrx_word' id='word_1_204' title='bbox 522 3155 677 3219; x_wconf 82' lang='lat' dir='ltr'><strong>Kustero.</strong></span> <span class='ocrx_word' id='word_1_205' title='bbox 723 3153 841 3231; x_wconf 86' lang='grc' dir='ltr'><strong><em>θέσεις</em></strong></span> <span class='ocrx_word' id='word_1_206' title='bbox 865 3155 1012 3219; x_wconf 84' lang='lat' dir='ltr'><strong>defendit</strong></span> <span class='ocrx_word' id='word_1_207' title='bbox 1033 3152 1188 3217; x_wconf 83' lang='lat' dir='ltr'><strong>Dindorf.</strong></span> <span class='ocrx_word' id='word_1_208' title='bbox 1214 3174 1246 3237; x_wconf 92' lang='lat' dir='ltr'><strong><em>p.</em></strong></span> <span class='ocrx_word' id='word_1_209' title='bbox 1268 3156 1329 3215; x_wconf 85' lang='grc'><strong><em>406</em></strong></span> 
     </span>
     <span class='ocr_line' id='line_1_28' title="bbox 192 3250 1329 3342; baseline -0.002 -25"><span class='ocrx_word' id='word_1_210' title='bbox 192 3254 352 3336; x_wconf 28' lang='grc' dir='ltr'><strong><em>,Ιονεεπ</em></strong></span> <span class='ocrx_word' id='word_1_211' title='bbox 376 3252 450 3316; x_wconf 82' lang='lat' dir='ltr'><strong>coll.</strong></span> <span class='ocrx_word' id='word_1_212' title='bbox 480 3253 580 3318; x_wconf 77' lang='lat' dir='ltr'><strong>schol.</strong></span> <span class='ocrx_word' id='word_1_213' title='bbox 605 3254 688 3320; x_wconf 83' lang='lat' dir='ltr'><strong>Plat.</strong></span> <span class='ocrx_word' id='word_1_214' title='bbox 717 3278 749 3342; x_wconf 93' lang='lat' dir='ltr'><strong><em>p.</em></strong></span> <span class='ocrx_word' id='word_1_215' title='bbox 778 3259 839 3319; x_wconf 90' lang='grc'><strong><em>330</em></strong></span> <span class='ocrx_word' id='word_1_216' title='bbox 865 3255 974 3319; x_wconf 89' lang='lat' dir='ltr'><strong>Bekk.</strong></span> <span class='ocrx_word' id='word_1_217' title='bbox 998 3293 1040 3303; x_wconf 77' lang='lat'><em>-</em></span> <span class='ocrx_word' id='word_1_218' title='bbox 1069 3253 1121 3317; x_wconf 80' lang='lat' dir='ltr'><strong><em>Of.</em></strong></span> <span class='ocrx_word' id='word_1_219' title='bbox 1144 3250 1329 3316; x_wconf 88' lang='lat' dir='ltr'><strong>Blomfield.</strong></span> 
     </span>
     <span class='ocr_line' id='line_1_29' title="bbox 217 3352 1329 3441; baseline -0.003 -22"><span class='ocrx_word' id='word_1_220' title='bbox 217 3354 322 3441; x_wconf 80' lang='lat' dir='ltr'><strong><em>praef.</em></strong></span> <span class='ocrx_word' id='word_1_221' title='bbox 354 3353 396 3417; x_wconf 86' lang='lat' dir='ltr'><strong><em>ad</em></strong></span> <span class='ocrx_word' id='word_1_222' title='bbox 420 3352 512 3417; x_wconf 84' lang='lat' dir='ltr'><strong>Pers.</strong></span> <span class='ocrx_word' id='word_1_223' title='bbox 539 3377 571 3441; x_wconf 91' lang='lat' dir='ltr'><strong><em>p.</em></strong></span> <span class='ocrx_word' id='word_1_224' title='bbox 595 3355 696 3420; x_wconf 86' lang='lat' dir='ltr'><strong><em>XXV</em></strong></span> <span class='ocrx_word' id='word_1_225' title='bbox 729 3357 849 3421; x_wconf 89' lang='lat' dir='ltr'><strong>Bernh.</strong></span> <span class='ocrx_word' id='word_1_226' title='bbox 874 3354 1040 3420; x_wconf 82' lang='lat' dir='ltr'><strong>Eratosth.</strong></span> <span class='ocrx_word' id='word_1_227' title='bbox 1063 3378 1095 3440; x_wconf 91' lang='lat' dir='ltr'><strong><em>p.</em></strong></span> <span class='ocrx_word' id='word_1_228' title='bbox 1121 3355 1181 3416; x_wconf 78' lang='lat'><strong><em>224</em></strong></span> <span class='ocrx_word' id='word_1_229' title='bbox 1206 3352 1329 3437; x_wconf 84' lang='lat' dir='ltr'><strong>Haupt.</strong></span> 
     </span>
     <span class='ocr_line' id='line_1_30' title="bbox 220 3452 1327 3544; baseline -0.001 -25"><span class='ocrx_word' id='word_1_230' title='bbox 220 3477 347 3520; x_wconf 83' lang='lat' dir='ltr'><strong>excurs.</strong></span> <span class='ocrx_word' id='word_1_231' title='bbox 378 3456 420 3520; x_wconf 87' lang='lat' dir='ltr'><strong><em>ad</em></strong></span> <span class='ocrx_word' id='word_1_232' title='bbox 443 3452 602 3544; x_wconf 79' lang='lat' dir='ltr'><strong>Aeschyli</strong></span> <span class='ocrx_word' id='word_1_233' title='bbox 626 3457 718 3523; x_wconf 79' lang='lat' dir='ltr'><strong>Pers,</strong></span> <span class='ocrx_word' id='word_1_234' title='bbox 747 3482 779 3544; x_wconf 91' lang='lat' dir='ltr'><strong><em>p.</em></strong></span> <span class='ocrx_word' id='word_1_235' title='bbox 806 3461 867 3524; x_wconf 81' lang='lat'><strong><em>287</em></strong></span> <span class='ocrx_word' id='word_1_236' title='bbox 896 3456 1103 3543; x_wconf 82' lang='lat' dir='ltr'><strong>Bernhardyi</strong></span> <span class='ocrx_word' id='word_1_237' title='bbox 1129 3455 1178 3520; x_wconf 85' lang='lat' dir='ltr'><strong>lit.</strong></span> <span class='ocrx_word' id='word_1_238' title='bbox 1207 3452 1265 3517; x_wconf 78' lang='lat' dir='ltr'><strong><em>Gr.</em></strong></span> <span class='ocrx_word' id='word_1_239' title='bbox 1295 3453 1327 3518; x_wconf 88' lang='lat' dir='ltr'><strong><em>h.</em></strong></span> 
     </span>
     <span class='ocr_line' id='line_1_31' title="bbox 219 3559 1156 3645; baseline -0.004 -23"><span class='ocrx_word' id='word_1_240' title='bbox 219 3559 254 3622; x_wconf 93' lang='grc' dir='ltr'><strong><em>ΙΙ</em></strong></span> <span class='ocrx_word' id='word_1_241' title='bbox 277 3580 309 3645; x_wconf 90' lang='lat' dir='ltr'><strong><em>p.</em></strong></span> <span class='ocrx_word' id='word_1_242' title='bbox 334 3561 405 3623; x_wconf 87' lang='grc'><strong><em>770.</em></strong></span> <span class='ocrx_word' id='word_1_243' title='bbox 638 3586 640 3589; x_wconf 93' lang='grc'><strong><em>·</em></strong></span> <span class='ocrx_word' id='word_1_244' title='bbox 1154 3613 1156 3618; x_wconf 88' lang='grc'><strong><em>,</em></strong></span> 
     </span>
    </p>

    <p class='ocr_par' dir='ltr' id='par_1_7' title="bbox 749 3663 796 3726">
     <span class='ocr_line' id='line_1_32' title="bbox 749 3663 796 3726; baseline 0 -1"><span class='ocrx_word' id='word_1_245' title='bbox 749 3663 796 3726; x_wconf 92' lang='grc'><strong><em>18.</em></strong></span> 
     </span>
    </p>
   </div>
   <div class='ocr_carea' id='block_1_5' title="bbox 189 3769 1330 4370">
    <p class='ocr_par' dir='ltr' id='par_1_8' title="bbox 189 3769 1330 4370">
     <span class='ocr_line' id='line_1_33' title="bbox 305 3769 1330 3864; baseline -0.001 -25"><span class='ocrx_word' id='word_1_246' title='bbox 305 3778 386 3841; x_wconf 80' lang='grc'>1332</span> <span class='ocrx_word' id='word_1_247' title='bbox 409 3778 532 3864; x_wconf 79' lang='grc'>(1340).</span> <span class='ocrx_word' id='word_1_248' title='bbox 555 3815 653 3829; x_wconf 89' lang='lat'><strong><em>--</em></strong></span> <span class='ocrx_word' id='word_1_249' title='bbox 671 3779 857 3859; x_wconf 92' lang='grc' dir='ltr'><strong><em>Δίδυμος</em></strong></span> <span class='ocrx_word' id='word_1_250' title='bbox 877 3775 914 3841; x_wconf 74' lang='grc' dir='ltr'><strong><em>δὲ</em></strong></span> <span class='ocrx_word' id='word_1_251' title='bbox 932 3780 1167 3861; x_wconf 83' lang='grc' dir='ltr'><strong><em>προστίθησιν,</em></strong></span> <span class='ocrx_word' id='word_1_252' title='bbox 1183 3769 1236 3839; x_wconf 87' lang='grc' dir='ltr'><strong><em>ότι</em></strong></span> <span class='ocrx_word' id='word_1_253' title='bbox 1253 3772 1330 3839; x_wconf 80' lang='grc' dir='ltr'><strong><em>είω-</em></strong></span> 
     </span>
     <span class='ocr_line' id='line_1_34' title="bbox 217 3870 1329 3960; baseline -0.003 -18"><span class='ocrx_word' id='word_1_254' title='bbox 217 3884 323 3943; x_wconf 92' lang='grc' dir='ltr'><strong><em>θασιν</em></strong></span> <span class='ocrx_word' id='word_1_255' title='bbox 350 3871 425 3941; x_wconf 77' lang='grc' dir='ltr'><strong><em>ἀντὶ</em></strong></span> <span class='ocrx_word' id='word_1_256' title='bbox 446 3875 552 3959; x_wconf 82' lang='grc' dir='ltr'><strong><em>λύρας</em></strong></span> <span class='ocrx_word' id='word_1_257' title='bbox 573 3875 735 3960; x_wconf 88' lang='grc' dir='ltr'><strong><em>κογχύλια</em></strong></span> <span class='ocrx_word' id='word_1_258' title='bbox 762 3877 817 3943; x_wconf 78' lang='grc' dir='ltr'><strong><em>καί</em></strong></span> <span class='ocrx_word' id='word_1_259' title='bbox 845 3872 1006 3960; x_wconf 87' lang='grc' dir='ltr'><strong><em>ὀστράκια</em></strong></span> <span class='ocrx_word' id='word_1_260' title='bbox 1036 3875 1234 3959; x_wconf 88' lang='grc' dir='ltr'><strong><em>κρούοντες,</em></strong></span> <span class='ocrx_word' id='word_1_261' title='bbox 1270 3870 1329 3939; x_wconf 87' lang='grc' dir='ltr'><strong><em>εύ-</em></strong></span> 
     </span>
     <span class='ocr_line' id='line_1_35' title="bbox 218 3968 1329 4063; baseline -0.001 -20"><span class='ocrx_word' id='word_1_262' title='bbox 218 3974 355 4062; x_wconf 85' lang='grc' dir='ltr'><strong><em>ρυθμόν</em></strong></span> <span class='ocrx_word' id='word_1_263' title='bbox 373 4001 448 4042; x_wconf 92' lang='grc' dir='ltr'><strong><em>τινα</em></strong></span> <span class='ocrx_word' id='word_1_264' title='bbox 467 3968 550 4063; x_wconf 77' lang='grc' dir='ltr'><strong><em>ἦχον</em></strong></span> <span class='ocrx_word' id='word_1_265' title='bbox 572 3974 747 4043; x_wconf 82' lang='grc' dir='ltr'><strong><em>ἀποτελεῖν</em></strong></span> <span class='ocrx_word' id='word_1_266' title='bbox 768 3989 835 4054; x_wconf 74' lang='grc' dir='ltr'><strong><em>τοῖς</em></strong></span> <span class='ocrx_word' id='word_1_267' title='bbox 853 3971 1082 4061; x_wconf 85' lang='grc' dir='ltr'><strong><em>ὀρχουμένοις.</em></strong></span> <span class='ocrx_word' id='word_1_268' title='bbox 1109 3977 1230 4043; x_wconf 80' lang='lat' dir='ltr'><strong>Athen.</strong></span> <span class='ocrx_word' id='word_1_269' title='bbox 1244 3977 1329 4042; x_wconf 87' lang='lat' dir='ltr'><strong><em>XIV</em></strong></span> 
     </span>
     <span class='ocr_line' id='line_1_36' title="bbox 217 4073 1329 4165; baseline -0.001 -21"><span class='ocrx_word' id='word_1_270' title='bbox 217 4102 249 4165; x_wconf 93' lang='lat' dir='ltr'><strong><em>p.</em></strong></span> <span class='ocrx_word' id='word_1_271' title='bbox 269 4082 332 4144; x_wconf 87' lang='grc'><strong><em>636</em></strong></span> <span class='ocrx_word' id='word_1_272' title='bbox 358 4078 433 4144; x_wconf 87' lang='lat' dir='ltr'><strong><em>DE.</em></strong></span> <span class='ocrx_word' id='word_1_273' title='bbox 479 4082 666 4163; x_wconf 90' lang='grc' dir='ltr'><strong><em>Δίδυμος</em></strong></span> <span class='ocrx_word' id='word_1_274' title='bbox 689 4079 729 4143; x_wconf 90' lang='grc' dir='ltr'><strong><em>δέ</em></strong></span> <span class='ocrx_word' id='word_1_275' title='bbox 749 4097 854 4160; x_wconf 83' lang='grc' dir='ltr'><strong><em>φησιν</em></strong></span> <span class='ocrx_word' id='word_1_276' title='bbox 877 4081 1033 4145; x_wconf 76' lang='grc' dir='ltr'><strong><em>εἰωθέναι</em></strong></span> <span class='ocrx_word' id='word_1_277' title='bbox 1055 4074 1149 4154; x_wconf 86' lang='grc' dir='ltr'><strong><em>τινάς</em></strong></span> <span class='ocrx_word' id='word_1_278' title='bbox 1172 4073 1252 4152; x_wconf 81' lang='grc' dir='ltr'><strong><em>ἀντὶΙ</em></strong></span> <span class='ocrx_word' id='word_1_279' title='bbox 1269 4083 1329 4160; x_wconf 81' lang='grc' dir='ltr'><strong><em>τῆς</em></strong></span> 
     </span>
     <span class='ocr_line' id='line_1_37' title="bbox 217 4174 1326 4266; baseline -0.002 -22"><span class='ocrx_word' id='word_1_280' title='bbox 217 4179 322 4263; x_wconf 87' lang='grc' dir='ltr'><strong><em>λύρας</em></strong></span> <span class='ocrx_word' id='word_1_281' title='bbox 343 4179 505 4266; x_wconf 87' lang='grc' dir='ltr'><strong><em>κογχύλια</em></strong></span> <span class='ocrx_word' id='word_1_282' title='bbox 528 4181 582 4244; x_wconf 80' lang='grc' dir='ltr'><strong><em>καὶ</em></strong></span> <span class='ocrx_word' id='word_1_283' title='bbox 605 4174 752 4262; x_wconf 84' lang='grc' dir='ltr'><strong><em>ὄστρακα</em></strong></span> <span class='ocrx_word' id='word_1_284' title='bbox 774 4176 1025 4262; x_wconf 84' lang='grc' dir='ltr'><strong><em>συγκρούοντας</em></strong></span> <span class='ocrx_word' id='word_1_285' title='bbox 1046 4181 1221 4266; x_wconf 80' lang='grc' dir='ltr'><strong><em>έρῤυθμον</em></strong></span> <span class='ocrx_word' id='word_1_286' title='bbox 1241 4181 1326 4265; x_wconf 76' lang='grc' dir='ltr'><strong><em>(ἔνρ.</em></strong></span> 
     </span>
     <span class='ocr_line' id='line_1_38' title="bbox 189 4271 1327 4370; baseline -0.002 -22"><span class='ocrx_word' id='word_1_287' title='bbox 189 4280 287 4362; x_wconf 74' lang='lat' dir='ltr'><strong><em>,AR</em></strong></span> <span class='ocrx_word' id='word_1_288' title='bbox 306 4274 377 4364; x_wconf 87' lang='grc' dir='ltr'><strong><em>εύρ.</em></strong></span> <span class='ocrx_word' id='word_1_289' title='bbox 400 4282 435 4347; x_wconf 79' lang='lat' dir='ltr'><strong><em>O.</em></strong></span> <span class='ocrx_word' id='word_1_290' title='bbox 453 4283 530 4347; x_wconf 75' lang='lat' dir='ltr'><strong><em>Bae.</em></strong></span> <span class='ocrx_word' id='word_1_291' title='bbox 545 4281 600 4370; x_wconf 92' lang='lat' dir='ltr'><strong><em>L.)</em></strong></span> <span class='ocrx_word' id='word_1_292' title='bbox 631 4271 704 4367; x_wconf 75' lang='grc' dir='ltr'><strong><em>’χόν</em></strong></span> <span class='ocrx_word' id='word_1_293' title='bbox 725 4304 800 4350; x_wconf 84' lang='grc' dir='ltr'><strong><em>τινα</em></strong></span> <span class='ocrx_word' id='word_1_294' title='bbox 823 4274 998 4345; x_wconf 79' lang='grc' dir='ltr'><strong><em>ἀποτελεῖν</em></strong></span> <span class='ocrx_word' id='word_1_295' title='bbox 1009 4292 1078 4358; x_wconf 80' lang='grc' dir='ltr'><strong><em>τοῖς</em></strong></span> <span class='ocrx_word' id='word_1_296' title='bbox 1099 4276 1327 4366; x_wconf 88' lang='grc' dir='ltr'><strong><em>ὀρχουμένοις,</em></strong></span> 
     </span>
    </p>
   </div>
   <div class='ocr_carea' id='block_1_6' title="bbox 0 0 1452 4890">
    <p class='ocr_par' dir='ltr' id='par_1_9' title="bbox 0 0 1452 4890">
     <span class='ocr_line' id='line_1_39' title="bbox 0 0 1452 4890; baseline 0 1"><span class='ocrx_word' id='word_1_297' title='bbox 0 0 1452 4890; x_wconf 95' lang='lat' dir='ltr'><strong><em> </em></strong></span> 
     </span>
    </p>
   </div>
  </div>
 </body>
</html>
