2894 4890
1243 381 1304 443 253

194 547 357 629 μνησθαι.
395 545 643 625 Καλλίστρατος
665 539 702 606 δὲ
721 538 887 608 τοσοῦτόν
909 561 1015 628 φησιν
1033 546 1070 609 ἐκ
1089 546 1307 631 διηγηματίου

193 641 288 723 τινὸς
311 641 499 710 είλκῦσθαι.
546 643 600 708 καὶ
623 645 824 729 Δίδυμος,
847 639 899 710 ὅτι
921 642 1057 730 αίσχρός
1075 671 1125 724 τις
1145 643 1207 732 τὴν
1227 643 1307 727 ῦψιν

194 751 346 831 συνεχοῦς
378 749 418 832 τῇ
450 744 586 829 γυναικὶ
617 743 878 830 πλησιαζόμενος
906 747 960 834 (Ο.
986 747 1175 812 Schneider
1207 772 1239 835 p.
1268 754 1307 814 59

195 846 469 938 πληκτιζόμενος)
505 847 669 912 συνέθετο
706 847 759 912 ἐπὶ
793 853 903 932 φίλων
936 847 1017 934 μη’τε
1054 845 1193 914 τύπτειν
1226 847 1308 934 μήτε

195 948 401 1033 τύπτεσθαι,
422 943 505 1033 μήτε
530 945 668 1015 δάκνειν
691 953 860 1033 φιλοῦντα
881 948 963 1034 μήτε
984 947 1181 1044 δάκνεσθαι.
1217 941 1306 1016 οἷον·

194 1047 238 1116 οῦ
257 1049 319 1136 μὲν
342 1047 404 1135 οῦχ
425 1048 575 1129 ἑλκύσεις
599 1055 667 1116 τῶν
688 1047 884 1137 ὀρχιπέδων,
908 1041 989 1116 οῦδὲ
1009 1045 1073 1135 ἐγῦ
1090 1055 1158 1117 τῦν
1174 1057 1307 1137 τριχῦν.

196 1155 284 1219 ἔοικε
310 1151 346 1217 δὲ
369 1157 555 1217 Παναίτιον
578 1139 770 1243 κωμῳδεῖν,
794 1146 836 1217 δν
858 1151 955 1218 καὶ’
939 1177 974 1218 εν
998 1149 1143 1238 Νήοοις·
1173 1160 1306 1220 καταλι-

196 1252 271 1318 πών
290 1259 475 1320 Παναίτιον
498 1260 662 1341 πίθηκον,
685 1257 771 1321 ἔνθα
792 1253 847 1319 καί
870 1257 1033 1374 μαγείρου
1056 1251 1181 1339 πατρὸς
1202 1247 1308 1322 αῦτδν

194 1357 293 1438 λέγει.
318 1359 467 1441 πίθηκον
487 1357 524 1422 δὲ
547 1354 653 1428 αὐτὸν
676 1352 747 1422 εἷπε
768 1353 879 1423 διὰτὸ
905 1361 1110 1440 πανοῦργον.

726 1513 776 1574 27.

281 1630 353 1691 536.
387 1625 681 1713 βλιμάζοντες·
706 1669 749 1681 -
773 1627 978 1692 Callistratus
1000 1667 1043 1676 ·-
1064 1629 1254 1710 Δίδνμος
1272 1624 1309 1692 66

197 1725 413 1812 βλιμάζοντες
433 1723 506 1793 ἀντὶ
529 1734 591 1794 τοῦ
612 1734 805 1806 κακοῦντες.
849 1723 1065 1793 ἀποτίλλουσι
1089 1724 1224 1813 γὰρκαὶ
1246 1753 1308 1794 κα-

196 1831 403 1894 τεσθίουσιν.
451 1831 504 1896 Of.
530 1841 572 1896 et.
593 1855 636 1896 m.
660 1855 692 1917 p.
713 1833 792 1913 266,
814 1832 854 1894 38
889 1830 976 1895 Gud.
1005 1835 1080 1914 110,
1107 1834 1144 1894 19
1177 1831 1309 1897 Schnei-

197 1929 266 1992 der.
290 1930 331 1993 de
353 1932 452 1996 schol.
475 1933 643 2020 Aristoph.
667 1955 700 2018 p.
722 1933 773 1996 82.
794 1933 845 1995 83.

728 2088 779 2149 28.

282 2206 355 2266 764.
398 2199 894 2287 Σύμμαχος-ἐρωμένοις.
940 2204 1127 2286 Δίδυμος
1151 2202 1205 2286 δέ,
1237 2203 1308 2268 ἐπεὶ

196 2297 217 2386 6
241 2297 334 2387 οίττη
356 2303 412 2368 καί
435 2309 468 2369 εί
485 2328 517 2369 τι
538 2308 694 2370 τοιοῦτον
714 2298 836 2388 ὄρνεον
861 2299 952 2381 δεξιοὶ
975 2301 1058 2387 πρὸς
1083 2306 1206 2386 ἔρωτας
1228 2309 1310 2388 φαί-

196 2427 299 2468 νεται.
340 2401 404 2488 ἐγώ
427 2401 490 2488 μὲν
511 2394 538 2469 ὦ
558 2409 735 2489 Λευκίππη
757 2407 860 2491 δεξιῇ.
904 2406 1137 2490 Fragmentum
1155 2406 1308 2470 choliam·

195 2505 307 2570 bieum
327 2515 447 2571 tractat
468 2507 613 2572 Meinek.
639 2508 733 2573 Chol.
757 2509 857 2573 LXII
878 2531 910 2594 p.
937 2511 1007 2571 122.
1030 2511 1060 2572 3.

723 2664 774 2726 23.

283 2779 354 2841 737.
398 2782 575 2844 Μοῦσαν
604 2783 821 2863 λοχμαίαν·
847 2817 889 2827 -
910 2782 1116 2863 Δίδυμος,
1139 2774 1190 2844 ὅτι
1212 2777 1308 2861 ἐγκε-

197 2878 383 2960 κρυμμένοι
406 2880 443 2943 ἐν
462 2891 532 2957 ταῖς
554 2878 690 2964 λόχμαις
713 2891 842 2963 φωνεῖν
864 2879 1037 2947 εἰώθασιν.

725 3021 776 3083 30.

282 3133 354 3196 768.
398 3131 507 3197 Locus
534 3155 552 3196 ο
578 3134 661 3198 libro
680 3135 818 3222 Didymi
846 3135 920 3216 περὶ
947 3137 1171 3219 διεφθορυίας
1190 3121 1307 3210 λέξεως

194 3234 377 3320 apponitur,
401 3255 497 3320 quem
518 3234 657 3297 tractavi
678 3235 713 3297 in
735 3234 810 3298 libr.
830 3234 847 3297 Ι
870 3257 940 3322 cap.
970 3240 1031 3321 lp.
1049 3238 1098 3298 19.

721 3389 784 3451 36·.

282 3505 354 3568 816.
398 3498 484 3569 οὐδ’
518 3496 565 3568 ἄν
584 3494 829 3586 χαμεῦνην·
859 3481 1195 3587 Δίδνμόςφηοιν.·
1229 3496 1304 3566 οὐδ’

196 3622 415 3692 ασπαρτον,
403 3595 430 3669 6
450 3608 646 3690 χρησαίμην.
670 3598 764 3668 οῦτοι
782 3609 870 3688 μισῶ
892 3629 954 3688 την
967 3602 1138 3686 Σκαρτην
1158 3599 1306 3686 χαμεῦνη

196 3705 234 3769 δὲ
256 3701 396 3789 ταπεινὴ
417 3709 524 3788 κλίνη.
722 3791 759 3853 31

284 3909 358 3973 824.
382 3947 418 3956 -
443 3907 637 3990 Δίδυμος
662 3908 701 3971 δέ
726 3895 831 3991 φησιν
861 3903 917 3972 διὰ
934 3900 1008 3988 ’τὴν
1038 3899 1216 3987 ὁμοιότητα
1239 3903 1307 3963 τῦν

162 4011 164 4015 ’
197 4005 376 4092 ὀνομάτων
394 4011 453 4091 τῆς
475 4009 626 4094 Φλέγρας
645 4010 699 4073 καὶ
722 4013 780 4091 τῆς
801 4009 1131 4091 Νεφελοκοκκυγίας.

724 4162 775 4224 32.

284 4279 356 4342 835.
374 4274 523 4365 ’Ἁρεως
544 4276 731 4358 νεοττός·
753 4279 886 4341 νεοττοί
905 4297 994 4349 τινες
1015 4259 1306 4356 ἀλεκτρυόνεςλέ-
