2866 4882
200 359 262 422 276

202 525 301 589 aetati
335 521 531 587 successisse
561 519 761 606 putaverim,
795 515 959 583 sobriores
991 537 1070 583 vero
1105 517 1316 604 acrioresque

202 627 282 690 artis
310 624 566 704 existimatores,
595 623 651 707 qui
678 620 818 683 fortasse
860 618 933 706 plus
966 640 1062 706 quam
1094 639 1154 704 par
1186 627 1237 682 cst
1275 618 1318 682 de

201 726 378 792 virtutibus
412 723 597 788 fabularum
620 721 873 808 Euripidearum
904 720 1095 802 detrahunt,
1125 742 1143 782 e
1175 719 1317 805 Didymi

201 828 430 916 Lysaniaeque
450 826 625 913 (Androm.
651 823 702 908 10)
727 822 902 909 disciplina
922 822 1087 909 profectos
1110 843 1192 886 esse.

286 929 357 992 Iam
376 948 456 991 vero
483 927 757 1013 praestantiorum
779 923 975 988 scholiorum
1004 922 1087 986 Ven.
1111 923 1186 986 Vat.
1209 922 1316 1008 Neap-

200 1029 417 1116 principalem
450 1028 574 1092 fontem
609 1026 789 1111 Didymum
823 1047 895 1090 csse
927 1024 1150 1090 demonstrare
1183 1024 1318 1086 conanti

201 1141 277 1196 ante
299 1131 409 1196 omnia
431 1129 588 1194 lectorum
609 1129 689 1193 mihi
710 1129 809 1192 venia
830 1126 971 1213 petenda
987 1136 1045 1209 est,
1068 1128 1096 1190 si
1119 1148 1202 1212 quae
1219 1148 1317 1209 argu-

201 1242 311 1296 menta
338 1233 469 1316 saepius
498 1240 655 1317 usurpata
680 1230 790 1293 facere
821 1249 887 1292 non
913 1249 1047 1314 possum
1087 1229 1166 1314 quin
1195 1227 1317 1290 itemm

124 1369 127 1374 ·
202 1342 299 1420 atque
326 1334 445 1396 iterum
473 1353 563 1396 meos
594 1332 628 1395 in
649 1353 727 1395 usus
750 1337 949 1393 convertam.
995 1329 1192 1393 Gravissimi
1214 1328 1318 1411 igitur

200 1434 357 1499 momenti
378 1455 451 1496 cum
471 1434 505 1496 in
524 1432 585 1496 hac
607 1434 704 1496 etiam
716 1432 907 1517 quaestione
928 1431 990 1495 hoc
1012 1433 1072 1514 sit,
1094 1430 1182 1516 quod
1202 1429 1316 1492 nullus

201 1534 432 1620 grammaticus
450 1533 593 1616 saepius
623 1532 768 1617 Didymo
787 1532 831 1593 in
855 1541 965 1617 partes
987 1541 1138 1613 vocatur,
1166 1553 1208 1594 ne
1231 1530 1316 1594 illud

202 1638 332 1720 quidem
360 1634 395 1697 vi
419 1641 523 1713 caret,
547 1633 643 1718 quod,
664 1633 692 1695 si
714 1633 938 1698 Herodianum
960 1643 991 1697 et
1011 1632 1236 1720 Phrynichum
1258 1653 1317 1696 ex-

202 1737 343 1822 ceperis,
366 1731 476 1797 nullus
496 1734 665 1815 excitatur,
687 1736 743 1821 qui
763 1734 893 1821 quidem
913 1735 1051 1821 Didymi
1072 1734 1240 1800 saeculum
1259 1754 1317 1797 ex-

201 1837 306 1900 cedat.
350 1836 469 1899 Aetate
493 1835 580 1898 enim
607 1837 768 1922 posterior
798 1845 848 1899 est
875 1837 1095 1922 Aristophane
1122 1834 1318 1901 Timachida

202 1937 402 2023 Apollodoro
436 1935 591 2000 Tarsensi
623 1936 814 2001 Aristarcho
845 1935 975 2001 Oratete
1002 1939 1220 2003 Parmenisco.
1240 1935 1317 2000 Cal-

203 2039 329 2102 listrato
351 2051 384 2102 et
402 2038 594 2102 Alexandro
616 2038 659 2124 (si
679 2037 811 2123 quidem
832 2037 999 2104 Milesium
1019 2039 1183 2124 intellegis
1201 2038 1316 2102 Crate-

203 2141 245 2203 tis
266 2139 489 2224 discipulum),
517 2139 572 2224 qui
593 2139 628 2201 in
644 2136 746 2202 schol.
767 2137 855 2201 Med.
878 2140 1016 2206 audiunt
1037 2143 1072 2206 ol
1091 2163 1317 2223 προυπομνη-

202 2237 431 2324 ματισάμενοι.
488 2238 636 2302 Tertium
668 2247 896 2320 argumentum
928 2242 1005 2305 inde
1037 2252 1181 2329 repetas,
1217 2243 1315 2329 quod,

202 2363 286 2428 quae
319 2342 486 2406 doctrinae
518 2337 868 2404 vere-Alexandrinae
906 2343 999 2429 copia
1029 2344 1202 2430 multiplex
1232 2344 1316 2408 haec

203 2464 331 2528 quoque
353 2441 477 2506 scholia
500 2440 776 2508 commendatiora
803 2440 925 2524 reddit,
953 2444 1149 2532 ubicumque
1172 2455 1317 2533 apparet

202 2542 389 2608 auctoribus
407 2544 447 2606 iis
476 2541 679 2606 illustrandis
702 2543 963 2627 accommadata,
993 2546 1110 2631 quibus
1130 2547 1316 2633 Didymum

204 2666 336 2732 operam
359 2645 490 2710 dedisse
521 2645 656 2725 scimus,
691 2665 730 2706 ea
760 2644 829 2707 fere
851 2644 989 2732 Didymi
1022 2647 1186 2712 hereditas
1219 2648 1314 2712 nobis

202 2746 372 2829 obveniat,
411 2748 503 2811 cuius
545 2755 720 2832 apparatus
763 2750 1060 2831 praestantissimos
1095 2750 1314 2834 posteriorum

201 2848 486 2932 grammaticorum
521 2846 735 2932 amplitudine
770 2869 876 2933 neque
907 2851 1012 2934 potuit
1039 2850 1126 2915 ullus
1157 2871 1313 2936 superare

201 2970 307 3032 neque
335 2970 393 3012 cur
422 2956 591 3033 superaret
619 2969 768 3011 caussam
790 2947 919 3031 habuit,
948 2959 1017 3014 tum
1040 2953 1117 3038 quia
1138 2954 1313 3039 scriptores

202 3056 234 3110 et
255 3048 491 3133 interpretandi
514 3058 546 3112 et
564 3049 758 3112 recensendi
781 3051 864 3114 ratio
887 3059 960 3135 post
974 3073 1091 3116 aevum
1106 3053 1313 3138 Augusteum

200 3147 297 3234 plane
320 3149 559 3231 immutaretur,
593 3157 662 3212 tum
688 3151 776 3236 quod
799 3161 1088 3217 commentatorum
1108 3155 1272 3219 industria
1294 3177 1313 3217 a

200 3247 305 3333 poetis
335 3268 415 3333 quos
443 3247 556 3312 dicunt
586 3248 732 3313 classicis
762 3252 805 3316 ad
835 3253 1077 3320 Alexandrinos
1105 3256 1312 3342 potissimum

200 3355 324 3434 poetas,
340 3347 560 3433 Apollonium,
574 3351 715 3436 inquam,
730 3341 966 3419 Callimachum
974 3356 1218 3442 Euphorionem
1230 3358 1313 3421 Ara-

199 3457 269 3512 tum
296 3445 498 3514 Nicandrum
524 3460 622 3538 atque
647 3453 681 3516 id
706 3475 810 3537 genus
837 3457 918 3522 alios
948 3480 983 3521 se
1008 3459 1202 3545 applicaret,
1238 3480 1312 3523 cum

201 3546 386 3613 admirabili
408 3553 510 3636 ipsius
533 3553 671 3639 Didymi
692 3555 864 3621 sedulitate
887 3559 921 3623 id
941 3559 1091 3624 effectum
1112 3581 1184 3623 esse
1205 3560 1312 3623 videri
1356 3626 1360 3632 ,

200 3658 327 3733 posset,
355 3659 392 3714 ut
412 3674 495 3738 quos
524 3664 556 3717 et
576 3664 689 3741 poetas
711 3665 743 3720 et
771 3658 932 3743 pedestris
955 3663 1111 3725 orationis
1134 3664 1310 3748 scriptores

199 3758 446 3835 pertractasset,
476 3755 500 3816 ii
528 3777 635 3842 neque
659 3759 847 3844 interpretis
875 3782 981 3847 neque
1008 3763 1114 3828 critici
1139 3762 1311 3847 diligentia

200 3851 234 3913 in
259 3859 386 3938 tempus
415 3853 548 3941 aliquod
577 3879 674 3942 egere
698 3861 899 3926 viderentur.
944 3862 1075 3927 Deinde
1097 3866 1125 3927 si
1149 3886 1246 3950 quam
1268 3888 1311 3930 ex

200 3955 392 4018 auctoritate
399 4003 409 4037 ,
446 3979 551 4042 quam·
579 3959 763 4025 Aristarchi
795 3964 903 4027 studia
925 3963 1116 4047 Homerica,
1150 3967 1310 4051 imprimis

200 4053 287 4137 quod
307 4064 458 4120 notarum
480 4062 667 4126 criticarum
689 4084 783 4126 usum
806 4065 930 4147 attinet,
956 4074 992 4130 ut
1014 4065 1048 4128 in
1070 4066 1240 4153 Sophoclis
1262 4068 1310 4131 fa-

198 4150 301 4235 bulis,
332 4158 379 4221 ita
410 4159 444 4220 in
472 4161 660 4251 Euripideis
690 4166 899 4230 recensendis
929 4167 1127 4251 habuerunt,
1157 4169 1198 4231 de
1225 4191 1309 4233 com-

199 4264 378 4320 mentatore
406 4260 514 4347 aliquo
544 4265 762 4330 coniecturam
791 4290 907 4354 capere
936 4268 1025 4351 licet,
1056 4271 1113 4357 qui
1140 4292 1214 4335 cum
1234 4270 1308 4334 Ari-
