2894 4890
211 368 389 450 104Ι
665 379 859 422 -ε-

302 533 369 596 136.
387 526 599 614 Ἀρίσταρχος
616 523 796 610 ἀγήρων.
814 525 912 596 Harl.

301 636 371 696 156.
395 625 655 714 άμπέιρησιν
674 630 711 692 ol
727 623 953 713 Ἀριστάρχου.
977 627 1048 691 Pal.
1071 627 1165 691 Harl.

297 736 366 798 168.
388 727 632 816 Ἀριστοφάνης
653 732 779 795 ἵκοιο.
804 729 875 794 Pal.
900 729 994 793 Harl.

299 838 369 900 170.
394 829 515 900 cillo·
536 828 780 916 Ἀριστοφάνης
801 828 949 907 ἄλλοις
972 830 1114 917 (Nauck.
1138 854 1171 916 p.
1193 833 1233 893 39
1255 852 1329 915 pro-

213 938 367 1003 babiliter
391 937 475 1002 coni.
495 930 617 1018 άλλως)
641 932 776 1018 γράφει,
800 924 890 997 οἷον·
915 929 1032 1009 σῶζειν
1054 931 1116 1014 μὲν
1137 930 1209 1014 ἐμέ,
1231 931 1269 994 ἐν
1293 930 1330 994 δὲ

213 1050 282 1116 τοῖς
298 1034 411 1115 άλλοις
428 1034 535 1103 κακόν
548 1040 609 1121 μοί
622 1061 653 1102 τι
674 1031 864 1121 βουλεύειν.
889 1034 960 1098 Pal.
981 1031 1075 1096 Harl.
1098 1031 1139 1112 Q.
1161 1033 1214 1096 De
1230 1055 1330 1098 versu

214 1143 273 1205 185
299 1140 418 1204 dubius
441 1140 571 1205 haereo.

295 1245 368 1306 217.
402 1237 611 1324 Ἀρίσταρχος
646 1242 706 1316 είς
727 1233 843 1320 άντα,
877 1238 913 1301 ul
932 1233 1122 1322 κοινότεραι
1151 1239 1208 1314 είς
1238 1227 1328 1302 εἶπα

214 1344 302 1429 (cod.
326 1344 372 1418 είς
394 1345 500 1424 σῶμα,
523 1362 606 1404 οοτι.
630 1337 749 1425 Pera).
774 1336 845 1400 Pal.
867 1335 961 1400 Harl.

298 1446 370 1509 232.
421 1442 484 1529 (αί)
528 1436 745 1524 Ἀριστάρχου
787 1434 1004 1522 ἐφύπερθε
1051 1439 1088 1502 ul
1130 1435 1330 1516 είκαιότεραι

213 1545 433 1628 ἐπέθηκεν.
457 1543 551 1606 Harl.

300 1649 372 1709 240.
417 1643 607 1708 Herodiano
638 1641 805 1728 Didymus
845 1642 1073 1729 suppeditasse
1105 1641 1252 1722 videtur,
1293 1647 1330 1703 ut
1358 1663 1359 1666 ¹

213 1749 287 1810 231.
310 1749 408 1811 391..

299 1850 372 1912 247.
393 1847 616 1910 Aristonicum
634 1845 786 1932 produnt.

297 1954 369 2014 253.
404 1949 723 2031 ἐπηγκενίδεσι·
759 1942 867 2024 οὕτως
885 1942 1116 2031 Ἀρίσταρχος,
1142 1941 1268 2024 Ῥιανὸς
1290 1945 1328 2011 δὲ

212 2053 460 2127 ἐπιτανίὸες
494 2050 534 2137 (f.
558 2049 820 2134 ἐπεκτανίὸεσι),
864 2044 973 2133 ἤγουν
1001 2060 1071 2126 ταῖς
1104 2061 1245 2133 μακραῖς
1274 2046 1329 2114 καὶ

212 2153 495 2235 ἐπεκτεταμέναις.
518 2151 558 2214 In
574 2150 742 2237 Hesychio
764 2152 920 2237 legimus:
940 2147 1221 2234 Ἐπηγανίὸες·
1245 2150 1328 2235 ἐπη-
1400 2174 1401 2179 ’

212 2251 374 2339 νύγματα.
413 2254 568 2318 Fortasse
587 2253 651 2317 huc
675 2254 810 2339 respicit
833 2254 1100 2339 lexicographus‚
1123 2275 1219 2339 quem
1242 2248 1328 2316 άνα-

211 2351 350 2441 γραφὴν
374 2360 544 2420 ναυτικῶν
568 2349 749 2437 Ιὀνομάσειν
776 2355 941 2441 expilasse
968 2354 1062 2419 docet
1088 2355 1192 2441 ipsius
1215 2353 1329 2438 glossa

211 2460 329 2539 στημα.

296 2561 369 2638 272.
400 2556 619 2640 ἐσορῶντι·
645 2579 697 2639 γρ.
714 2556 770 2620 καὶ
787 2554 1050 2640 είσοράοιντα.
1072 2558 1171 2641 διχῶς
1186 2558 1223 2622 orl
1238 2553 1328 2640 Ἀρι-

210 2655 368 2742 στάρχου.
390 2656 483 2720 Harl.
504 2656 546 2721 cf.
570 2656 663 2720 Pors.

295 2763 368 2823 294.
407 2753 444 2824 τύ
471 2751 503 2822 δ’
534 2756 838 2840 αἰθρηγενέτης
866 2752 992 2835 Ῥιανὸς
1011 2757 1066 2822 καὶ
1085 2752 1328 2842 Ἀριστοφάνης

211 2861 497 2944 αἰθρηγενέης
519 2856 687 2941 λέγουσιν.
710 2858 748 2922 Ρ.
767 2859 810 2922 Η.
832 2859 873 2938 Q.
897 2859 1024 2924 Nauck.
1042 2883 1074 2946 p.
1098 2863 1150 2926 47.

292 2965 364 3025 314.
388 2956 697 3044 ἐπεσσύμενον·
723 2956 932 3044 Ἀρίσταρχος
960 2958 1257 3046 ἐπισσύμενον.
1288 2962 1325 3025 Ρ.

293 3065 365 3124 315.
389 3057 518 3138 αύτός
539 3062 649 3128 πέσε·
671 3057 799 3139 Ῥιανὸς
821 3056 950 3126 αὐτὸν
965 3059 1074 3146 βάλε.
1095 3058 1132 3126 τὸ
1152 3065 1243 3146 κύμα
1265 3064 1327 3145 δη-

210 3160 335 3229 λονότι.
357 3161 412 3227 καὶ
433 3157 583 3246 άμεινον.
603 3164 697 3228 Harl.

296 3266 368 3327 327.
413 3259 477 3328 ούκ
502 3264 679 3348 ἐνεφέρετο
707 3264 745 3329 ἐν
773 3275 843 3341 τοίς
873 3267 1013 3329 πλείοσι.
1055 3258 1265 3350 Ἀρίσταρχος
1289 3263 1326 3331 dl

119 3417 120 3420 ι
211 3361 287 3447 περὶ
319 3362 382 3447 μὲν
413 3368 471 3448 τῆς
499 3360 692 3447 άθειησεως
720 3362 881 3450 διστάζει,
913 3364 1038 3449 γράφει
1066 3361 1186 3452 ‹tt-otu
1212 3369 1275 3430 τοῦ
1304 3391 1325 3432 υ

209 3459 460 3530 ύπεὸύσατο.
484 3466 521 3531 ἐν
539 3463 580 3530 ds'
598 3482 664 3530 τισι
683 3460 929 3531 άνεὸύσατο.
952 3465 1095 3531 lotradi
1117 3461 1135 3530 ὁ
1158 3472 1269 3551 στίχος
1288 3469 1325 3532 ἐκ

209 3569 277 3630 τῶν
304 3561 449 3651 ὕστερον
473 3568 658 3651 εἰρημένων
679 3561 748 3642 ύπό
767 3589 859 3646 τινος
881 3571 1197 3653 παρεμβεβίῆσθαι,
1219 3565 1325 3654 αὐτη

209 3659 1324 3756 δ’,άφέςπόντονέὃύσατοκυμαίνοντααίθνίηείκυία.

290 3870 371 3935 ibid.
395 3893 428 3956 p.
453 3872 524 3936 209.
567 3867 730 3956 γράφεται
757 3873 812 3936 καὶ
834 3871 988 3959 ποτην,
1016 3879 1147 3958 πτῆσιν.
1182 3868 1324 3958 άμεινον

209 3969 246 4035 δὲ
268 3971 368 4054 χωρὶς
387 3975 454 4036 τού
467 3996 489 4036 ν
507 3975 544 4036 ἐν
563 3976 688 4060 docturi.
712 3975 805 4040 Harl.
828 3977 921 4040 Haec
941 3978 1060 4062 recepi,
1085 3978 1172 4063 quod
1187 3978 1230 4041 ad
1246 3978 1278 4041 h.
1295 3961 1326 4042 v.

205 4073 385 4137 Aristonici
404 4082 436 4136 et
450 4075 587 4160 Didymi
610 4077 857 4141 observationes
874 4086 1013 4142 aetatem
1029 4079 1146 4141 tulisse
1161 4079 1325 4162 videntur,

205 4171 299 4333 {111qu
319 4174 361 4353 i}z
380 4174 480 4238 schol.
506 4175 596 4260 vulg.
618 4200 650 4262 p.
675 4180 737 4242 208
761 4175 827 4244 σὺν
848 4183 894 4265 τῷ
918 4203 939 4242 ν
957 4182 1140 4264 γραπτέον,
1171 4180 1268 4244 huius
1288 4182 1321 4244 in
