2894 4890
1178 379 1239 440 239

131 549 184 632 τῷ
207 541 350 633 πρωτην
377 548 458 609 τοῖν
487 540 676 610 παιάνων
699 540 921 626 Πινδάρου
950 545 1070 626 φησίν,
1098 541 1240 615 καὶτὸν

130 649 273 729 τρίποδα
294 643 359 710 άπὸ
379 642 503 712 τοῦτου
524 650 729 730 Θηβαγενεῖς
751 643 918 727 πέμπουσι
942 642 1002 709 τόν
1028 641 1174 726 χρῦσεον
1194 649 1240 723 είς

127 743 281 833 Ἰσμηνὸν
309 750 453 830 πρῶτον.
498 750 547 824 τίς
574 741 606 810 δ’
639 746 707 810 ἐστὶ
734 741 881 829 διαφορά
909 743 1132 830 Θηβαγενέων
1156 744 1241 830 πρός

17 866 18 869 ’
131 854 318 935 Θηβαίους,
341 843 487 933 Ἔφορος
515 849 553 912 ἐν
580 851 620 933 τῇ
647 846 788 933 δευτέρᾳ
817 850 910 930 φησί.
960 835 1055 911 οὗτοι
1085 845 1148 931 μὲν
1175 837 1240 912 οῦν

130 948 389 1034 συνετάχθησαν
418 953 464 1027 είς
491 946 554 1033 την
580 951 762 1032 Βοιωτίαν,
790 943 871 1025 τοῦς
899 945 935 1012 δὲ
963 959 1031 1025 τοῖς
1051 943 1240 1032 Ἀθηναίοις

130 1047 278 1136 ὁμόρους
301 1054 568 1133 προσοικοῦντας
586 1052 653 1137 torp
666 1053 807 1133 Θηβαῖοι
826 1045 1080 1133 προσηγάγοντο
1105 1055 1241 1128 πολλοῖς

130 1149 247 1218 ἔτεσιν.
293 1149 438 1236 ὕστερον
469 1149 506 1216 δὲ
527 1152 562 1215 ol
582 1146 761 1234 σύμμικτοι
792 1141 879 1234 ἦσαν
906 1148 1138 1236 πολλαχόθεν,
1168 1153 1241 1236 ἐχέ-

129 1277 233 1339 μοντο
261 1254 297 1318 δὲ
325 1249 388 1336 την
419 1247 487 1318 ῦπό
514 1248 574 1317 τόν
604 1255 804 1337 Κιθαίρωνα
831 1248 944 1337 χάραν
983 1252 1038 1316 καλ
1065 1249 1127 1336 τὴν
1155 1248 1241 1318 άπο-

132 1352 274 1441 μάντιον
295 1359 354 1438 της
375 1349 532 1439 Εὐβοίας.
565 1352 747 1418 ἐκαλοῦντο
771 1353 807 1419 δὲ
822 1359 1038 1439 Θηβαγενεῖς,
1059 1347 1112 1419 ὅτι
1134 1371 1241 1439 προσ-

133 1457 288 1540 ενένοντο
311 1467 380 1533 τοῖς
407 1451 520 1532 ἄλλοις
541 1460 701 1533 Βοιωτοῖς
721 1453 777 1520 διά
799 1458 966 1540 Θηβαίων.

216 1558 404 1622 Boeokhius
421 1558 488 1621 ΙΙ2
510 1580 542 1643 p.
559 1561 620 1621 573
643 1557 684 1620 fr.
707 1562 745 1621 15
772 1558 836 1646 [38]
863 1564 895 1620 et
917 1555 977 1620 Th.
1001 1556 1165 1641 Bergkius
1189 1557 1240 1622 ed.

131 1660 187 1724 alt.
214 1681 246 1746 p.
269 1661 330 1723 238
357 1660 398 1723 fr.
421 1664 462 1722 44
488 1659 523 1721 in
547 1658 640 1723 Gisb.
666 1659 787 1722 Koenii
810 1657 1035 1722 emendatione
1060 1658 1117 1743 (ad
1141 1658 1241 1743 Greg.

134 1761 210 1826 Cor.
232 1784 263 1846 p.
289 1763 351 1823 225
372 1793 415 1820 =
435 1785 467 1848 p.
489 1764 550 1823 475
567 1758 689 1847 seht),
710 1754 876 1842 Ἰσμήνιον
894 1755 988 1841 ίερόν
1009 1780 1069 1845 pro
1090 1753 1243 1843 Ἰσμηνόν

133 1865 267 1943 πρῶτον
293 1863 536 1948 acquieverunt.
560 1861 633 1944 Ego
648 1862 682 1924 in
696 1859 814 1924 Philol.
826 1860 893 1924 VII
908 1883 939 1946 p.
956 1863 1016 1924 749
1039 1863 1168 1926 correxi
1181 1856 1243 1926 Ἰσ-

132 1964 255 2046 μηνίου
277 1961 650 2051 HPn10N‚cf.Alph.
674 1963 817 2027 Heoker.
842 1962 936 2049 epist.
958 1963 1029 2026 orit.
1053 1963 1088 2026 in
1110 1962 1243 2028 Schnei-

135 2064 217 2129 dew.
239 2063 357 2128 Philol.
389 2064 460 2128 Vs
490 2087 522 2149 p.
539 2067 611 2129 422.
644 2064 763 2128 Valok.
795 2065 952 2127 enimin
973 2064 1125 2128 Ammon.
1148 2088 1180 2150 p.
1202 2069 1242 2128 97

130 2159 296 2249 Ἰσμήνιον
318 2165 453 2250 adoptat
482 2173 513 2228 et
539 2167 584 2241 είς
612 2161 651 2230 τό,
671 2159 702 2230 Ἰ.
727 2164 850 2228 scribit.
878 2164 1004 2251 Ephori
1025 2165 1245 2249 fragmentum

134 2269 180 2352 (n.
205 2268 246 2328 26
270 2264 335 2328 vol.
361 2265 377 2328 I
401 2290 433 2352 p.
454 2268 515 2330 239
545 2266 595 2330 ed.
619 2265 784 2350 Mueller.)
819 2265 856 2330 Ο.
888 2266 928 2331 Ο.
950 2266 1099 2330 Mueller.
1130 2267 1165 2329 in
1184 2266 1244 2331 Or-

133 2367 237 2431 chom.
262 2390 295 2452 p.
325 2369 385 2430 397
404 2367 491 2431 hunc
510 2368 545 2430 in
566 2368 699 2433 modum
719 2367 876 2450 restituit,
896 2375 932 2430 ut
955 2366 1112 2432 scriberet
1137 2386 1243 2449 προσ-

133 2471 338 2543 οικειοῦντες
362 2507 405 2518 —-
432 2463 474 2532 οῦ
503 2473 639 2545 πολλοῖς
672 2469 780 2532 ἔτεσιν
808 2463 961 2549 ῦστερον.
1013 2458 1119 2534 Οῦτοι
1145 2486 1174 2534 σ.
1200 2508 1244 2520 ›—

132 2565 343 2635 ἀπεναντίον.
389 2568 541 2634 Ceterum
570 2570 649 2633 mihi
676 2569 847 2654 Ephorum
868 2571 1059 2656 apposuisse
1078 2569 1242 2657 Didymus

133 2671 281 2750 videtur,
305 2673 396 2735 euius
417 2670 557 2735 sortasse
583 2694 625 2736 ne
646 2694 747 2736 unum
769 2671 901 2757 quidem
922 2669 1060 2735 verbum
1079 2674 1243 2758 excerpsit

132 2773 335 2855 Ammonius,
359 2773 387 2834 si
407 2772 538 2858 quidem
559 2781 647 2836 reete
673 2773 799 2836 conicio
818 2770 920 2836 verba
942 2768 997 2834 καὶ
1020 2768 1080 2834 τόν
1101 2773 1244 2855 τρίποδα

62 2866 64 2868 ’
132 2912 175 2923 -
200 2865 312 2960 ἡρῷον
334 2872 459 2959 Ephori
482 2896 569 2957 esse,
600 2883 674 2960 post
695 2878 854 2948 Βοιωτοῖς
881 2867 937 2935 διὰ
959 2875 1117 2955 Θηβαίων
1139 2881 1243 2937 trans-

131 2974 293 3058 ponenda.
339 2973 390 3041 cf.
422 2974 579 3040 Herodot.
604 2975 634 3038 V
657 2977 697 3037 59
727 2974 825 3038 Paus.
858 2973 910 3037 IX
941 2977 977 3036 10
1011 2974 1111 3038 schol.
1145 2974 1241 3038 Pind.

132 3074 230 3161 Pyth.
254 3074 306 3138 XI
329 3079 358 3138 5.
404 3075 457 3139 De
478 3076 621 3153 Ismenio
643 3074 789 3158 Boeokh.
809 3075 896 3162 expl.
920 3099 951 3164 p.
976 3079 1048 3140 337.

668 3267 718 3328 60.

168 3427 170 3432 .
220 3377 327 3442 Schol.
348 3377 400 3442 Ol.
425 3385 456 3442 A
476 3381 517 3443 26
538 3377 614 3463 περὶ
636 3379 673 3446 δὲ
693 3384 751 3464 τῆς
766 3382 916 3464 Δωριστί
931 3375 1092 3465 ἁρμονίας
1114 3385 1243 3465 είρηται

133 3479 171 3543 ἐν
186 3483 351 3577 Παιᾶσιν,
375 3473 427 3542 ότι
447 3475 585 3560 Δοόριον
607 3479 706 3563 μέλος
727 3480 934 3564 σεμνότατόν
957 3481 1057 3546 ἐστιν.
1101 3481 1154 3544 De
1176 3482 1242 3545 Do·

95 3603 97 3608 ·
132 3583 175 3645 rii
195 3582 265 3644 toni
285 3581 395 3645 indole
414 3581 530 3644 morali
548 3582 617 3646 vid.
639 3582 785 3647 Boeokh.
809 3583 883 3648 MP.
905 3608 938 3670 p.
961 3585 1032 3646 238.
1076 3587 1078 3592 ’

662 3771 713 3832 61.

220 3883 327 3949 Sohol.
348 3883 400 3949 Ol.
422 3890 450 3950 Β
478 3888 519 3946 70
551 3882 588 3948 ἐν
610 3883 648 3948 δὲ
670 3897 739 3972 τοῖς
760 3888 907 3950 Παιᾶσιν
933 3889 1060 3966 είρηται
1084 3872 1243 3965 περὶτοῦ

134 3989 288 4070 χρησμοῦ
309 3989 370 4050 τοῦ
396 3983 597 4061 ἐκπεσόντος
617 3989 727 4073 Λαῖω,
756 3981 846 4053 καθὰ
874 3982 929 4050 καὶ
953 3983 1112 4058 Μνασέας
1140 3981 1177 4046 ἐν
1197 3987 1243 4067 τῷ

133 4088 210 4171 περὶ
232 4090 390 4172 χρησμῦν
411 4083 550 4170 γράφει·

264 4184 347 4252 Λάιε
369 4190 580 4273 Ααβᾶακίδη,
602 4182 738 4271 ἀνδρῶν
758 4184 949 4268 περιάνυμε
972 4182 1118 4247 πάντων.
1215 4227 1217 4230 -
1328 4201 1330 4204 ·
