2894 4890
218 346 278 411 180

758 514 777 574 4

303 631 455 694 Ammon.
470 628 511 695 de
523 627 591 694 diff.
605 627 697 693 verb.
710 652 741 715 p.
757 632 797 693 89
813 627 864 692 ed.
878 629 996 694 Valck.
1008 635 1264 715 λῃτουργεῖν
1277 632 1335 694 δια

218 735 281 798 τοῦ
302 756 322 815 η
345 732 400 796 καὶ
420 737 611 816 λιτουργεῖν
631 725 687 794 διὰ
709 734 771 794 τοῦ
790 756 802 796 ι
824 729 993 814 διαφέρει,
1014 730 1096 814 φησὶ
1119 733 1273 816 Δίδυμος
1296 731 1334 796 ἐν

218 827 433 916 ὑπομνήματι
455 827 632 917 βἸλιάδος.
657 828 694 896 τὸ
716 828 777 914 μὲν
799 825 864 914 γὰρ
884 836 1085 916 λῃτουργεῖν
1110 829 1146 897 τδ
1170 837 1216 920 τῷ
1240 829 1334 920 δήμφ

218 929 407 1019 ὑπηρετεῖν.
452 936 555 1016 λήτον
576 930 641 1016 γάρ
664 950 747 1018 φασι
767 929 804 997 τὸ
828 929 991 1015 δημόσιον
1023 931 1157 1016 ελήῖτον
1180 928 1335 1018 ἀμφεπέ-

219 1042 356 1126 νοντοξ,Ι
374 1029 411 1097 τὸ
435 1032 471 1098 δὲ
494 1040 686 1116 λιτουργεῖν
706 1029 792 1098 κακὰ
814 1034 934 1115 λέγειν.

304 1135 422 1200 Valck.
447 1159 478 1222 p.
497 1139 557 1198 144
580 1140 788 1217 λειτουργεῖν
811 1131 867 1199 διὰ
889 1137 951 1199 τοῦ
975 1158 1003 1199 ει
1025 1174 1067 1186 -
1089 1140 1201 1199 λεῖτον
1224 1157 1333 1198 emen-

218 1239 325 1302 datius
346 1238 490 1323 scripsit,
522 1238 577 1324 qui
602 1237 719 1302 horum
743 1235 977 1300 vocabulorum
997 1235 1216 1300 differentiam
1239 1236 1333 1300 docte

217 1341 369 1405 illustrat.
760 1426 778 1483 ὃ

304 1542 456 1605 Ammon.
476 1563 508 1626 p.
529 1544 588 1603 147
611 1535 738 1624 χλαμὺς
760 1537 814 1604 καὶ
835 1544 953 1623 χλαῖνα
972 1539 1140 1624 διαφέρει,
1164 1534 1254 1606 καθὸ
1277 1535 1332 1604 διὰ

220 1646 355 1707 πολλῶν
384 1635 535 1717 ἀπέδειξε
556 1642 749 1724 Δίδυμος
777 1642 814 1705 ἐν
840 1635 1054 1726 ὑπομνήματι
1077 1647 1098 1726 β
1119 1637 1267 1719 Ἰλιάδος.
1310 1635 1330 1723 ἡ

220 1742 282 1826 μὲν
301 1748 418 1826 χλαῖνα
438 1735 587 1825 ήρωῖκδν
607 1736 760 1826 φόρημα,
789 1741 917 1826 χλαμὺς
936 1743 973 1808 δὲ
989 1739 1232 1810 Μακεδονικὸν
1251 1737 1331 1826 μετὰ

220 1840 374 1921 ἑξακόσια
400 1845 455 1926 ἔτη
484 1846 552 1908 τοῖν
581 1838 738 1927 ἡρωϊκῶν
767 1839 1007 1928 ὀνομασθεῖσα.
1055 1841 1188 1927 Σαπφώ
1216 1843 1332 1926 πρώτη

220 1943 284 2030 γὰρ
305 1945 467 2029 μέμνηται
491 1943 670 2029 χλαμύδος.
712 1946 900 2031 Διαφέρειν
932 1946 1014 2028 φησὶ
1036 1945 1089 2011 καὶ
1111 1949 1158 2031 τῷ
1179 1943 1333 2028 σχήματι.

220 2040 240 2128 ἡ
264 2041 326 2129 μὲν
347 2043 411 2129 γὰρ
433 2052 551 2129 χλαῖνα
573 2047 785 2130 τετράγωνον
805 2045 937 2134 (φησὶν)
959 2045 1105 2131 ἱμάτιον,
1139 2039 1160 2129 ή
1189 2043 1227 2110 δὲ
1250 2053 1331 2128 χλα-

221 2142 285 2230 μὺς
307 2149 353 2222 εἰς
375 2147 503 2212 τέλειον
530 2145 606 2228 περὶ
629 2146 670 2212 τὰ
691 2145 780 2213 κάτω
801 2151 963 2231 συνήκται
987 2146 1040 2211 καὶ
1063 2143 1143 2227 τούς
1163 2147 1331 2231 χρησαμέ-

220 2272 302 2323 νους
325 2242 412 2313 πολὺ
442 2248 497 2313 καὶ
526 2242 584 2312 ἄπ’
610 2243 765 2333 ἀλλήλοιν
790 2245 971 2313 διεστάναι.
1012 2245 1216 2330 προσάγεται
1242 2243 1332 2331 Ἀρι-

220 2349 398 2431 στοτέλην,
422 2348 620 2433 Φύλαρχον,
642 2349 837 2432 Πολέμωνα,
860 2343 912 2414 ὅτι
934 2345 1020 2413 πολὺ
1042 2348 1276 2433 διαφέρουσιν.

305 2443 466 2514 Valcken.
498 2453 519 2515 1.
549 2451 570 2514 l.
600 2450 712 2514 laudat
741 2448 877 2515 Salmas.
907 2451 942 2513 in
968 2449 1105 2514 Tertull.
1136 2451 1177 2515 de
1197 2450 1276 2537 pall.
1299 2475 1331 2536 p.

223 2554 278 2614 111
304 2550 490 2614 Hemsterh.
510 2550 594 2614 Poll.
618 2552 652 2613 X
677 2553 736 2613 124
759 2573 792 2614 n.
816 2553 872 2632 58,
896 2550 1014 2637 quibus
1036 2549 1136 2615 Prell.
1156 2551 1282 2616 Polem.
1298 2574 1330 2638 p.

222 2653 281 2713 149
310 2652 402 2716 addit
423 2650 594 2738 Wyttenb.
624 2651 712 2715 Plut.
743 2651 760 2713 Ι
786 2674 818 2737 p.
851 2654 912 2714 307
934 2652 974 2715 O.
999 2649 1150 2714 Mueller.
1176 2651 1329 2716 Doriens.

220 2752 255 2815 II
285 2777 317 2838 p.
341 2756 403 2818 266
430 2753 604 2842 Archaeol.
629 2758 659 2835 ξ.
683 2757 755 2818 337.
796 2751 865 2816 cfr.
891 2753 988 2816 etiam
1010 2752 1051 2816 A.
1075 2751 1203 2816 Ruben.
1234 2752 1276 2816 de
1296 2775 1333 2816 re

219 2863 302 2917 vest.
331 2855 366 2917 II
388 2879 415 2919 ο.
438 2854 505 2918 VII
523 2879 555 2940 p.
581 2857 640 2919 162
664 2878 733 2941 sqq.
760 2893 801 2904 -
837 2853 867 2916 Ε
890 2853 1130 2917 commentariis
1153 2853 1254 2937 igitur
1272 2855 1332 2918 Di·

221 2953 348 3038 dymeis
379 2955 515 3018 fluxisse
545 2956 700 3019 videntur
733 2954 847 3018 scholl.
877 2954 936 3017 AL
960 2953 1002 3016 ad
1024 2954 1120 3017 Hom.
1148 2953 1188 3017 Il.
1216 2959 1245 3018 B
1273 2957 1331 3020 183

220 3058 338 3133 χλαῖνα
359 3048 381 3137 ή
403 3050 628 3137 τετράγωνος,
649 3051 777 3139 χλαμὺς
800 3053 836 3118 δὲ
859 3047 879 3138 ή
904 3057 950 3131 εἰς
972 3047 1032 3130 ὀξδ
1056 3052 1216 3137 λήγουσα.

685 3255 686 3260 ’
758 3229 787 3288 6.

305 3337 413 3403 Schol.
436 3339 463 3400 Β
484 3339 527 3402 ad
548 3341 663 3403 Γ379.
689 3343 740 3404 80.
766 3339 961 3405 continetur
983 3339 1045 3403 hoc
1067 3341 1103 3402 in
1125 3339 1250 3406 scholio
1272 3339 1335 3407 λύ-

221 3451 273 3515 σις
305 3434 518 3523 ἀπορήματος
553 3441 721 3505 cuiusdam
756 3464 775 3504 ο
803 3441 947 3527 Didymo
972 3440 1130 3525 profecta.
1170 3437 1332 3526 Διδύμον
1390 3445 1395 3456 ’

220 3537 324 3622 φασὶν
340 3534 425 3603 εἶναι
442 3537 524 3605 κατὰ
540 3535 577 3604 τό
594 3540 770 3626 ἐγχείρημα
791 3541 837 3628 (h.
855 3563 883 3605 e.
899 3550 1136 3625 argumentum,
1158 3543 1330 3629 rationes).

221 3636 430 3724 ἐσείοντο
460 3637 541 3725 ἤδη,
570 3645 691 3725 φησίν,
723 3637 760 3706 τὸ
788 3643 883 3724 ἔνιοι
913 3639 1057 3727 ‘uum
1085 3640 1332 3726 παλάμηφιν

220 3735 426 3804 ἐτώσιον)
471 3741 596 3807 Λύεται
624 3740 660 3805 δὲ
688 3736 752 3806 ἀπὸ
780 3745 841 3806 τοῦ
863 3744 984 3819 ἔθους·
1027 3739 1090 3808 δύο
1113 3737 1177 3826 γὰρ
1203 3740 1330 3827 δόρατα

221 3839 339 3923 φέρειν
376 3842 619 3927 νενομισμένον
649 3832 708 3927 ἦν,
747 3836 792 3919 ὡς
819 3846 1124 3927 πολλαχοῦλέγει·
1161 3839 1332 3909 πάλλων

221 3938 296 4002 δύο
317 3942 450 4025 δούρα
471 3940 574 4009 κατὰ
590 3941 769 4028 στρατδν
788 3939 915 4032 ᾤχετο
938 3941 1073 4031 πάντή
1107 3943 1161 4030 (Il.
1188 3946 1216 4006 Z
1245 3943 1331 4028 104).

762 4135 791 4194 7.

306 4244 414 4308 Schol.
438 4243 502 4307 AD
532 4201 580 4308 ad.
602 4250 635 4309 A
656 4250 716 4309 475
731 4227 1149 4328 Ἴδηθεν-Δίδυμος
1169 4241 1208 4309 δὲ
1228 4241 1338 4310 πάντα
