2894 4890
221 339 283 402 258

684 549 688 558 .
750 499 801 560 53.

309 609 380 672 831.
419 597 489 680 τάς
519 597 1061 684 ἐνδιαεριαυερινηχέτους·
1084 638 1127 648 -
1149 597 1342 680 Δίδυμος

223 704 260 770 δὲ
281 701 487 789 πεπλάνηται
512 703 620 787 λέγων
645 697 900 785 άνερινηχέτονς
923 701 1021 787 (Rav.
1045 694 1189 785 αύερι-).
1210 692 1253 762 ού
1275 692 1340 779 γάρ

223 809 382 890 λέγουσιν
403 801 506 891 ἀνέρα
527 805 587 893 (id.
611 798 731 892 αύέρα)
754 792 861 867 οὗτοι.

752 961 803 1020 54.

309 1081 371 1144 929
393 1079 496 1166 (931).
529 1077 570 1142 οί
593 1071 832 1158 καθήμενοι
863 1065 941 1136 ύπὸ
970 1074 1046 1136 τοῦ
1075 1071 1214 1146 δέους·
1235 1107 1280 1120 -
1301 1065 1339 1134 τὸ

223 1177 288 1262 γάρ
317 1174 353 1246 όῒ
378 1174 597 1262 ὀδυρομένων
625 1175 715 1242 ἐστὶν
737 1174 930 1258 ἐπίφθεγμα
952 1173 1007 1238 καί
1032 1168 1339 1266 δυσχεραινόντων.

225 1280 414 1362 Δίδυμος
435 1277 473 1342 δὲ
496 1281 533 1344 ἐν
553 1278 692 1345 ἐκτάσει.
717 1279 751 1342 οί
770 1273 833 1361 γὰρ
856 1271 1066 1359 φοβούμενοι
1089 1272 1152 1359 (οί)
1173 1268 1265 1338 οὕτω
1284 1271 1340 1338 λέ-

224 1395 356 1460 νουσιν.

750 1467 802 1527 59

314 1581 406 1642 1253.
429 1585 643 1659 συρμαίαν
663 1586 849 1665 μετρεῖν·
873 1581 905 1645 οἱ
923 1575 985 1663 μέν
1008 1575 1139 1657 άξιούσι
1154 1577 1261 1660 χυλὸν
1276 1580 1341 1660 βο-

227 1678 330 1762 τάνης
352 1671 521 1759 εἶναι-την
544 1683 722 1764 συρμαίαν,
745 1672 765 1767 ἦ
781 1685 926 1764 χρῶνται
941 1677 1122 1764 Αίγύπτιοι
1140 1673 1225 1760 πρὸς
1241 1673 1339 1762 διάρ-

226 1780 335 1866 ροιαν,
356 1775 443 1855 τινές
463 1775 501 1841 δὲ
522 1771 583 1840 τὸν
605 1777 787 1860 λεγόμενον
809 1779 928 1865 ζυθόν,
952 1775 997 1858 ὡς
1019 1783 1076 1846 καί
1095 1795 1178 1864 φησι
1201 1786 1233 1845 Δ
1240 1782 1256 1842 ί
1261 1779 1282 1842 δ
1289 1803 1340 1843 υ-

225 1903 308 1964 μος.
344 1874 462 1956 άλλως.
500 1879 679 1962 φαίνονται
699 1883 759 1942 τοῦ
782 1886 886 1960 χωλοῦ
908 1885 966 1962 της
988 1884 1153 1965 συρμαίας
1171 1884 1284 1945 πίνειν
1307 1882 1343 1945 οί

227 1977 409 2064 Αίγύπτιοι
441 1976 525 2064 πρὸς
547 1975 732 2065 διάῤῥοιαν.
779 1973 824 2052 ὡς
841 1982 1043 2062 Δίδυμος,
1074 1977 1196 2064 άλμαία
1217 1981 1254 2046 ἐκ
1276 1982 1340 2067 ῥα-

227 2083 383 2162 φανίδων
404 2075 617 2166 Αἰγυπτιακὴ
640 2075 725 2164 πρὸς
747 2075 917 2159 κάθαρσιν
939 2076 1134 2160 ἐπιτήδειος.
1173 2118 1176 2124 ·

755 2233 805 2294 59

313 2348 393 2434 Lys.
414 2351 475 2412 313
513 2351 591 2411 τῶν
626 2347 668 2411 έν
695 2345 819 2433 Σάμῳ
854 2349 1115 2429 στρατηγῶν·
1149 2345 1342 2428 Δίδυμος

229 2445 284 2512 καὶ
309 2444 481 2532 Κάρτερός
510 2465 592 2531 φασι
624 2453 728 2512 ταῦτα
761 2449 968 2512 αἰνίττεσθαι
998 2448 1044 2522 είς
1074 2442 1248 2529 Φρύνιχον
1280 2443 1342 2510 τὸν

229 2551 480 2632 Στρατωνίδου.
503 2548 774 2633 ἐκακοηθεύσατο
799 2543 862 2632 γὰρ
881 2543 966 2630 πρὸς
983 2543 1043 2612 τὸν
1058 2547 1166 2631 δῆμον
1183 2547 1219 2610 ἐν
1236 2546 1342 2636 Σάμῳ

231 2655 442 2735 στρατηγῶν,
473 2646 558 2716 ὥστε
588 2652 773 2735 ἐψηφίσατο
796 2643 870 2712 κατ’
901 2643 1008 2713 αὐτοῦ
1028 2643 1046 2713 ὁ
1069 2650 1175 2731 δῆμος
1197 2645 1342 2732 δημόσια

230 2748 315 2817 εἶναι
337 2747 377 2819 τά
392 2756 565 2836 Φρυνίχου
584 2751 734 2836 χρήματα
756 2751 888 2832 καὶτῆς
908 2753 995 2831 θερῦ
1017 2745 1054 2814 τὸ
1078 2749 1220 2814 δέκατον
1241 2750 1343 2833 μέρος

230 2851 284 2918 καὶ
315 2850 377 2936 τὴν
403 2856 513 2918 οἰκίαν
540 2853 773 2938 κατεσκάφθαι
795 2847 921 2934 αύτοῦ,
958 2847 1012 2914 καί
1034 2843 1118 2915 άλλα
1141 2846 1247 2915 πολλά
1267 2845 1341 2914 κατ’

230 2946 337 3015 αὐτοῦ
365 2954 511 3036 ἔγραψεν
536 2957 572 3019 ἐν
593 2953 698 3040 στήλη
719 2958 836 3039 χαλκῇ.
880 2949 935 3017 καὶ
959 2951 996 3014 έν
1019 2947 1202 3034 Βατράχοις
1226 2951 1341 3037 (689)·

230 3056 286 3113 κεί
303 3075 353 3127 τις
374 3047 499 3137 ἥμαρτε
520 3061 657 3139 σφαλείς
679 3080 710 3120 τι
728 3057 905 3146 ΙΦρυνίχου
927 3057 1161 3137 παλαίσμασιν.

755 3213 806 3272 57.

229 3373 234 3382 ,.
315 3321 398 3386 Aah.
425 3327 504 3388 1989
527 3327 640 3410 (1975)
670 3326 707 3390 ἐν
731 3331 790 3413 μία
811 3320 917 3411 ἡμέρα
945 3318 1084 3407 άγονται
1106 3323 1141 3387 οἵ
1155 3345 1191 3386 τε
1212 3319 1343 3405 Χύτροι

230 3420 285 3485 καί
307 3423 343 3486 οί
356 3417 442 3500 Χύες
462 3424 499 3489 ἐν
513 3420 682 3512 Ἀθήναις,
704 3426 741 3491 έν
765 3417 791 3515 ᾦ
813 3431 881 3492 πᾶν
900 3428 1030 3508 σπέρμα
1053 3427 1099 3501 τίς
1114 3420 1242 3507 χύτραν
1259 3420 1343 3507 ἑψη-

230 3539 348 3601 σαντες
381 3523 508 3592 θύουσι
539 3527 633 3617 μόνω
654 3534 701 3618 τῷ
728 3525 891 3616 Διονύσῳ
918 3527 974 3592 καί
992 3521 1104 3611 Ἑρμῇ.
1151 3519 1241 3589 οὕτω
1265 3530 1344 3590 Δι’-

229 3626 370 3708 δυμος

754 3717 805 3778 58.
850 3777 851 3780 ,

317 3833 408 3894 1199.
453 3836 580 3912 θρῖον
612 3836 827 3915 ταρίχους·
858 3871 898 3880 -
931 3829 1104 3914 σκεύασμα
1128 3829 1168 3894 δέ
1193 3853 1225 3893 τι
1253 3825 1344 3910 παρὰ

227 3921 418 4011 Ἀθηναίοις
438 3927 475 3995 τύ
497 3940 611 4017 θρῖον,
629 3929 718 4022 ὅπερ
733 3929 895 4017 λαμβάνει
912 3928 1007 3998 ύειον
1029 3933 1128 4014 στέαρ
1149 3923 1170 4013 ἢ
1190 3930 1343 4013 ἐρίφειον

229 4027 284 4092 καὶ
309 4033 483 4114 σεμίδαλιν
510 4034 566 4099 καὶ
594 4034 696 4119 γάλα,
732 4033 786 4099 καὶ
808 4033 845 4099 τό
873 4037 1058 4112 λεκιθωδες
1079 4036 1142 4098 τοῦ
1162 4026 1234 4119 ςόού
1258 4026 1344 4116 πρὸς

228 4128 265 4193 τό
290 4131 497 4215 πήγνυσθαι.
539 4137 594 4200 καί
622 4131 729 4212 οὕτως
757 4138 803 4212 είς
824 4133 937 4216 φύλλα
961 4140 1066 4219 συκης
1088 4129 1342 4219 ἐμβαλλόμενον

228 4221 367 4308 ἥδιστον
390 4229 546 4301 ἀποτελεῖ
565 4239 690 4320 βρῶμα.
715 4232 805 4300 οὕτω
828 4239 1025 4320 Δίδυμος.
