2866 4882
1141 365 1201 426 361

93 538 197 618 θῆναι
224 535 291 598 ἔσω
321 533 358 598 ἐν
385 535 432 618 τῷ
458 534 529 618 ναῷ
557 535 620 596 τοῦ
645 525 731 608 Διὸς
756 524 840 611 πρὸς
868 525 975 614 τιμήν.
1022 532 1057 595 οἰ
1076 527 1118 596 δέ·
1132 524 1202 614 μετ’

94 631 201 702 αὐτοῦ
222 631 464 710 ἀποσταλέντες
487 629 686 716 ποιήσαντες
707 625 799 720 αύτῷ
825 628 930 714 σορὸν
953 628 1205 716 ἔθηκαναύτόν

95 731 337 818 ἐπιγράψαντες
354 735 390 800 ἐν
413 729 522 821 αύτῷ·
571 738 684 817 Τροἰος
706 729 864 818 βασιλεύς
883 727 990 809 Ἀσίας
1010 728 1077 798 σύν
1099 738 1205 820 θυσίᾳ

96 833 154 904 τόν
176 837 326 902 ἐνταῦθα
349 840 504 920 κείμενον
525 833 731 919 Γανυμήδην
751 829 830 899 νίδν
853 828 960 899 αύτοῦ
978 829 1118 900 ἀνέθετο
1134 837 1204 900 Διί.

97 939 251 1004 τοῦτοδὲ
274 932 465 1020 ἐποίησενὸ
487 932 658 1014 Τάνταλος
679 932 765 1021 πρὸς
785 933 973 1019 θεράπειαν
998 940 1060 1001 τοῦ
1082 931 1206 1021 πατρὸς

96 1028 210 1104 αὐτοῦ.
261 1035 325 1104 ούκ
354 1031 397 1122 ῆν
428 1035 492 1122 γάρ
526 1041 605 1116 ἐθος
629 1033 766 1122 Ἕλλησι
798 1037 944 1105 θάπτειν
976 1041 1077 1104 ἔνδον
1111 1039 1207 1124 ίεροῦ

97 1147 193 1208 οἰκον
223 1145 384 1222 λείψανον
412 1144 545 1225 θνητοῦ
573 1137 763 1224 ἀνθρύπον
791 1137 847 1207 διά
875 1138 912 1206 τὸ
935 1137 980 1225 μῆ
1004 1145 1206 1207 κοινοῦσθαι

65 1221 70 1258 ¹
96 1239 136 1310 τά
158 1250 243 1309 θεία.
287 1246 392 1309 ταῦτα
421 1243 458 1308 δὲ
481 1239 717 1327 συνεγράγατο
748 1237 766 1309 ὁ
797 1238 992 1327 σοφύτατος
1019 1246 1206 1327 Δίδυμος

98 1339 116 1410 ὁ
139 1340 303 1430 ἱστορικὸς
319 1343 563 1430 χρονογράφος.

637 1501 666 1564 3.

182 1616 295 1682 Ioann.
327 1617 450 1683 Malel.
465 1639 499 1704 p.
529 1620 586 1700 86,
612 1621 650 1680 17
687 1614 724 1679 ἐν
742 1608 873 1692 ,αύτολς
903 1615 939 1681 δὲ
973 1626 1041 1693 τοίς
1074 1615 1209 1699 χρόνοις
1286 1649 1294 1665 =

96 1712 260 1800 Ἡρακλῆς
288 1712 306 1782 ὁ
331 1712 485 1802 τελεστὴς
513 1711 531 1782 ὁ
556 1711 717 1802 μυστικάς
736 1711 866 1794 ἀθλους
886 1713 1027 1801 ποιήσας
1048 1709 1209 1784 ἀπελθών
1305 1799 1309 1806 Ι

99 1818 137 1883 ἐν
160 1823 200 1904 τή
228 1816 341 1905 Λιβύη.
366 1817 458 1906 χάρη
485 1820 649 1904 συνέβαλε
676 1823 723 1906 τῷ
750 1813 906 1884 Ἀντέωνι
933 1819 989 1885 καὶ
1013 1814 1105 1907 αύτῷ
1134 1816 1209 1886 ὄντι

100 1920 261 2004 μυστικςῦ,
284 1921 438 1983 ποιοῦντι
457 1916 494 1983 δὲ
510 1915 608 2002 γῆλνά
623 1942 711 2002 τινα,
734 1917 789 1982 καί
804 1916 943 2001 νικήσας
959 1913 1063 1984 αύτδν
1078 1913 1210 2002 ὁἩρα-

101 2022 182 2100 κλῆς
214 2015 401 2102 ἐφόνευσεν
430 2014 545 2086 αὐτόν.
595 2014 686 2096 ὅστις
714 2013 879 2103 Ἡρακλῆς
907 2015 989 2104 μετά
1017 2015 1080 2103 τῆν
1111 2024 1211 2105 νίκην

102 2115 192 2207 νόσῳ
212 2120 349 2204 βληθεὶς
369 2115 490 2186 ἑαυτὸν
512 2123 558 2198 εἰς
580 2124 649 2202 πῦρ
670 2123 767 2205 ἔβαλε
788 2119 843 2185 καί
862 2117 1026 2186 ἐτελεύτα.
1070 2120 1145 2206 περὶ
1167 2112 1211 2185 ού

101 2223 289 2304 Δίδυμος
308 2216 326 2287 ὁ
352 2219 546 2306 σοφιύτατος
567 2218 810 2306 συνεγράψατο.
836 2221 889 2287 Of.
911 2222 1088 2306 Augustin.
1109 2223 1146 2288 Ο.
1164 2225 1207 2288 D.
1245 2213 1249 2220 ’

102 2323 223 2390 XVIII
244 2326 292 2388 12.
1196 2375 1198 2378 .

640 2445 671 2503 4.

187 2557 301 2625 Ιοάηο.
323 2561 433 2626 ΜοΙοΙ,
454 2583 487 2647 p.
505 2563 573 2642 166,
592 2559 694 2623 14vde
716 2556 877 2623 Diomede
891 2580 1036 2622 ¹namn·
1055 2557 1110 2622 καὶ
1130 2559 1212 2623 ἐπα-

104 2657 239 2726 νελθών
261 2659 343 2745 μετά
365 2659 427 2746 τήν
449 2665 547 2744 νίκην
570 2663 628 2743 τῆς
646 2650 767 2744 Τροίας
785 2658 838 2724 ἐπὶ
856 2655 892 2724 τὸ
915 2663 1006 2729 ἰδιον
1027 2655 1135 2724 αὐτοῦ
1150 2665 1213 2745 βα-

104 2765 230 2827 σίλειον
252 2757 315 2827 ούκ
343 2762 463 2847 ἐδέχθη
484 2756 552 2829 ὑπὸ
575 2765 632 2845 τῆς
654 2763 740 2838 ἰδίας
760 2759 890 2838 πόλεως
908 2753 929 2844 ῆ
949 2764 1007 2843 τῆς
1021 2756 1212 2845 συγκλήτου

104 2857 227 2948 αὐτοῦ,
261 2857 333 2930 ἀλλ’
366 2859 570 2947 ἀντέστησαν
601 2857 692 2950 αύτῷ
725 2861 764 2926 ἐν
798 2861 940 2946 δυνάμει
977 2865 1211 2944 πολεμοῦντες.

106 2959 228 3048 μαθων
249 2963 297 3048 δέ,
319 2959 413 3049 ύτιή
433 2960 521 3048 γυνή
543 2959 649 3029 αὐτοῦ
671 2957 883 3048 ῆΑἰγιάλεια
897 2959 1133 3041 κατασκευάζει
1148 2957 1213 3027 αύ-

104 3069 149 3154 τῷ
169 3062 339 3147 θάνατον,
371 3058 416 3142 ύς
439 3071 667 3147 πορνευθεῐσα
696 3060 764 3129 ὑπό
787 3087 878 3142 τινος
903 3067 1129 3148 συγκλητικοῦ
1151 3057 1214 3128 αύ-

103 3171 176 3250 τοῦ,
197 3162 290 3243 ὅστις
309 3165 363 3230 καί
386 3159 565 3230 ἀνθίστατο
589 3159 680 3251 αύτῷ
702 3169 885 3251 κρατάιῦς,
908 3161 1030 3250 ὁμοίοις
1050 3163 1087 3231 δὲ
1110 3161 1215 3230 ἀκού-

56 3251 64 3266 ’
105 3285 175 3351 σας,
198 3261 250 3332 ὅτι
273 3263 466 3349 ἐπορνεύθη
487 3260 554 3331 ύπὸ
578 3269 640 3330 τοῦ
664 3271 807 3351 Οἰακος,
833 3269 914 3333 υἰοῦ
935 3272 998 3333 τοῦ
1020 3271 1213 3351 Ναυπλίου,
1319 3265 1322 3272 ’

104 3369 224 3446 οἵτινες
251 3365 306 3434 διὰ
334 3362 396 3433 τὸν
418 3365 501 3451 πρὸς
530 3363 637 3451 αὐτὴν
659 3369 766 3453 ἔρωτα
792 3374 905 3457 πολλῷ
928 3368 1042 3435 σθένει
1071 3364 1224 3466 ἀντεμά-ι

106 3491 204 3551 χοντο
228 3464 331 3557 αύτῷ,
351 3462 466 3544 καθάς
487 3462 505 3532 ὁ
528 3463 634 3551 σοφὸς
654 3471 845 3552 Δίδυμος
861 3469 1006 3552 ἐξέθετο,
1027 3488 1215 3554 προσεσχη-

106 3565 172 3646 κιύς
192 3567 229 3634 δὲ
251 3563 269 3634 ὁ
292 3568 466 3654 Διομήδης
486 3565 567 3644 τούς
589 3563 755 3651 ἡγεμόνας
777 3571 832 3634 καὶ
857 3576 968 3636 πᾶσαν
983 3568 1045 3654 τήν
1058 3566 1216 3654 Ἀργείων

107 3667 219 3754 χώραν
234 3664 485 3752 ἀνθισταμένην
505 3664 607 3756 αύτῷ,
630 3664 674 3752 μή
690 3667 882 3753 δυνάμενος
897 3666 934 3735 δὲ
952 3666 1115 3736 ἀπελθεῖν
1133 3670 1216 3756 μηδὲ

109 3770 161 3835 ἐπὶ
189 3767 252 3852 τήν
274 3772 460 3854 Αἰτωλίαν,
492 3766 554 3852 τῆν
587 3771 677 3834 ἰδίαν
709 3764 816 3835 αύτού
837 3776 1025 3856 βασιλείαν,
1051 3766 1096 3848 ἀς
1113 3767 1218 3849 λύσας

107 3867 210 3955 αὐτῆς
239 3867 276 3936 τό
306 3872 494 3956 βασίλειον,
523 3867 766 3957 παραχωρήσας
793 3867 855 3955 τῆν
882 3875 971 3939 ἰδίαν
992 3867 1097 3938 αύτοῦ
1120 3877 1216 3957 βασι-

108 3977 201 4037 λείαν
221 3967 456 4056 ἀπεχώρησεν,
479 3966 692 4048 ἀποπλεύσας
714 3971 767 4036 ἐπὶ
788 3968 851 4055 τήν
868 3977 1071 4059 Καλαβρίων
1093 3969 1216 4055 χάραν.

108 4075 163 4138 καί
184 4070 407 4158 κτίζειπόλιν
429 4072 499 4140 ἐκεῖ
518 4077 703 4158 παραλίαν,
726 4068 770 4157 ῆν
792 4069 969 4158 ύνάμασεν
988 4071 1218 4157 Ἀργυρίππην

106 4172 172 4240 κτὲ.
219 4174 270 4239 Of.
297 4174 474 4260 Augustin.
500 4175 541 4238 de
561 4174 598 4239 O.
621 4174 664 4238 D.
689 4165 811 4238 XVIII
833 4178 896 4239 16.-

190 4273 353 4338 Videntur
375 4274 437 4338 hae
459 4273 656 4340 fabulae-ad
676 4297 774 4342 unam
797 4297 926 4358 omnes,
947 4295 1028 4361 quas
1049 4274 1216 4362 sequiores
