2752 4890
174 365 234 429 162
628 409 671 420 —
712 373 836 436 Ρ-’

172 547 305 622 θισται,
331 532 414 602 ἀλλά
437 532 473 600 τό
496 531 677 618 άρσενικόν
697 534 820 620 μόνον,
838 533 891 601 διδ
916 531 1008 602 εἶπεν
1030 532 1198 627 άρσενιαῷ
1220 533 1282 623 άρ-

172 648 248 726 θρφ
269 635 440 723 χρώμενος
462 627 507 726 (ᾧ
528 635 577 723 ῥά
599 661 641 702 τε
663 634 774 722 νήπι’
805 632 988 722 άχοντι’,
1011 635 1085 722 οὐχὶ
1109 627 1150 725 (ᾗ
1168 638 1218 725 ῥά
1241 664 1282 705 τε

173 735 285 826 νήπι’
316 738 505 826 άχούση.
550 735 567 804 δ
601 738 637 804 δὲ
657 735 847 822 Ἀντίμαχος
880 740 916 804 ἐτι
945 740 1069 805 τούτου
1096 742 1282 825 πλανηθείς

173 837 270 931 ᾠήθη
284 842 340 908 καί
355 839 415 907 τὸν
427 838 552 925 άρσευα
567 851 832 925 σκυμυαχωχείν.
848 843 861 925 [Ι
877 836 914 904 τό
931 841 1074 925 μέγεθος
1088 841 1125 906 δὲ
1136 849 1283 920 Αίαντος

172 938 355 1026 ὑποφαίνει
376 940 398 1028 ἡ
419 941 603 1030 παραβολή.
626 945 683 1012 Α.Ι
701 943 837 1027 Recepit
859 942 1068 1007 Friedlaend.
1091 967 1123 1030 p.
1149 947 1211 1008 275
1237 948 1282 1008 in-

173 1054 223 1112 ter
244 1045 461 1130 Aristonieea,
485 1046 634 1133 quamvis
656 1045 794 1130 Didymi
819 1065 890 1108 esse
910 1045 1110 1109 viderentur.

256 1149 326 1212 139.
350 1142 526 1229 ἑστήκει·
554 1148 614 1222 ἔξω
637 1152 696 1211 τοῦ
719 1173 740 1211 ι.
763 1148 805 1210 A.
1007 1159 1008 1162 ’

258 1252 327 1311 144.
351 1243 544 1322 σαώσεις·
569 1242 676 1324 οὕτως
695 1243 922 1334 Ἀρίσταρχος,
944 1241 1038 1312 άλλοι
1062 1247 1098 1310 δὲ
1119 1244 1282 1332 σαάσης

172 1347 227 1415 διὰ
250 1354 310 1414 τοῦ
332 1354 362 1434 η.
385 1350 427 1414 A.
560 1353 561 1356 '
973 1417 976 1430 .

256 1455 325 1515 149.
360 1448 416 1516 διά
437 1455 499 1516 τοῦ
532 1475 553 1515 υ
582 1447 674 1535 μεθ’
709 1445 866 1533 ὅμιλον.
911 1445 1000 1532 παρὰ
1033 1446 1069 1514 δὲ
1101 1447 1280 1536 Ζηνοδότφ

171 1548 265 1635 μεθ’
291 1547 450 1636 ὁμίλου.
470 1551 525 1616 καὶ
543 1549 646 1635 λόχον
668 1553 734 1635 ἔχει
755 1547 829 1617 άντλ
851 1553 913 1615 τοῦ
936 1551 998 1628 ἔξω
1021 1543 1150 1634 ὁμίλου.
1176 1551 1218 1614 A.

256 1658 325 1718 161.
349 1648 456 1730 οὕτως
475 1649 531 1718 διά
549 1657 610 1718 τοῦ
629 1679 650 1738 η
672 1648 867 1738 τεθνηιός.
895 1653 936 1716 A.
1075 1647 1080 1656 ’

261 1759 331 1819 171.
356 1746 546 1820 άπόποι·
560 1749 649 1837 παρά
661 1745 880 1844 Ζηνοδότφά
893 1746 1095 1837 πίπου,οά
1106 1755 1225 1828 κακῶς.
1237 1753 1278 1815 A.

256 1858 326 1919 173.
346 1852 438 1939 παρά
460 1855 638 1944 Ζηνοδότφ
659 1860 737 1920 νῦν
760 1855 805 1920 δέ
824 1872 866 1920 σε
885 1857 946 1934 ἔξω
968 1857 1031 1918 τοῦ
1050 1877 1081 1917 υ.
1114 1854 1156 1916 A.
1182 1871 1184 1874 ·

257 1957 327 2019 178.
351 1954 440 2039 παρά
457 1953 689 2041 Ἀριστοφάνει
707 1955 799 2023 τότε
823 1953 855 2022 δ’
877 1950 1010 2032 αὐτός.
1048 1955 1090 2018 Α.

256 2054 772 2144 262.-αίδὲἈριστάρχούδς
792 2056 839 2143 δή
862 2050 1095 2140 τοισχεδδυ
1119 2049 1211 2120 εἶσι.
1236 2055 1277 2120 A.

249 2163 327 2224 214.
351 2156 682 2252 οὕτωςἈρίσταρχος
711 2157 794 2225 κατά
827 2155 981 2242 δοτικήν,
1014 2151 1109 2222 άλλοι
1134 2155 1172 2220 δὲ
1205 2181 1278 2240 με-

169 2259 361 2345 γαθύμου
394 2266 645 2346 Πηλείωνος.
690 2256 891 2349 [Ζηνόδοτος
909 2255 1156 2342 Πηληϊάδεω
1174 2253 1278 2340 Ἀχι-

170 2366 257 2444 λῆος.
276 2365 330 2444 V.]
366 2364 407 2427 A.
513 2391 515 2394 ·
589 2361 617 2410 Ἣ

256 2467 328 2528 215.
352 2460 542 2548 Ζηνόδοτος
564 2459 757 2546 ὄτρυνεν.
777 2463 819 2528 A.

252 2569 323 2631 229.
348 2569 598 2631 τεθνειῶτα·
623 2562 678 2630 διά
699 2569 761 2631 τοῦ
779 2588 800 2648 η
820 2560 1038 2646 Ἀρίσταρχος.
1059 2564 1101 2629 A.

252 2670 324 2731 213.
350 2670 462 2754 (τῶν
488 2663 698 2750 Ἀρίσταρχος
724 2662 807 2732 κατὰ
829 2662 967 2749 δοτικὴν
987 2669 1058 2752 τῷ.)
1087 2661 1195 2754 οὕτως
1226 2668 1277 2751 τῷ

168 2763 378 2852 Ἀρίσταρχος
398 2765 481 2833 κατὰ
502 2763 650 2851 δοτικήν,
676 2771 722 2855 τῷ
744 2767 967 2855 ἐρυσσαμὲνφ.
993 2767 1034 2830 A.

250 2872 322 2934 234.
342 2871 508 2934 ἔλπετο·
537 2863 645 2944 οὕτως
668 2863 911 2952 Ἀριστοφάνης
934 2863 989 2933 διά
1013 2871 1075 2932 τοῦ
1095 2891 1125 2932 ε·
1147 2865 1275 2950 γράφε-

167 2991 219 3032 ται
237 2968 292 3034 καὶ
312 2966 367 3034 διὰ
389 2975 451 3034 τοῦ
473 2969 569 3054 η.Α.
596 2969 649 3033 Of.
672 2969 713 3032 V.

253 3071 324 3133 264.
348 3070 385 3134 ἐν
406 3073 446 3156 τῇ
468 3066 552 3135 κατά
567 3064 788 3152 Ἀριστοφάνη
810 3067 1002 3154 βεβρόχη.
1024 3070 1066 3139 A.

248 3172 320 3234 268.
345 3169 836 3254 φραχθέντες·,Ζηνόδοτος
859 3163 1069 3250 ἀρθέντες.
1094 3168 1136 3232 Α.
1160 3169 1213 3233 Of.
1234 3170 1273 3233 V.

249 3270 321 3331 276.
343 3263 552 3352 Ἀρίσταρχος
575 3265 630 3334 διά
655 3275 716 3335 τοῦ
741 3293 756 3334 ε
778 3271 960 3351 ἔχθαιρε.
1005 3270 1136 3335 Abhinc
1157 3269 1275 3335 lacuna

168 3371 202 3430 in
224 3368 298 3432 ¹00d.
323 3370 364 3432 A.
501 3453 502 3456 Ἴ
795 3447 796 3452 ¹
876 3449 879 3454 Ι

254 3466 338 3554 [292.
359 3466 566 3551 Ἀρίσταρχος
581 3471 596 3533 ί
600 3470 669 3554 εμί
673 3475 756 3535 νων
772 3466 827 3534 διά
843 3475 905 3534 τοῦ
919 3495 939 3535 ν
953 3474 1201 3554 πληθυντικῶς.
1221 3472 1273 3558 V.]

254 3568 338 3655 [368.
373 3565 566 3650 Ζηνόδοτος
594 3569 658 3636 ἐπὶ
690 3561 862 3654 τόσσον,
894 3567 1136 3654 Ἀριστοφάνης
1166 3568 1276 3656 μάχη

165 3671 235 3732 ἔνι.
254 3668 308 3756 V.]

249 3769 333 3854 [392.
358 3766 543 3834 κυκλόσ’·
574 3771 763 3857 Ζηνόδοτος
786 3767 942 3861 κάκλφς
970 3767 1180 3855 Ἀρίσταρχος
1200 3772 1275 3837 κύ-

164 3874 275 3952 κλος,
297 3863 342 3945 ὡς
361 3865 508 3952 *πληθὺς
528 3868 725 3939 άπονέουτο’
749 3875 804 3940 καὶ
826 3873 879 3939 ἐπὶ
895 3870 1077 3950 Μενελάου
1097 3867 1222 3956 ὁμοίως
1239 3875 1275 3937 ἐν

164 3969 508 4060 mamm-m
1069 4051 1071 4055 ,

147 4131 148 4136 ,
250 4069 335 4154 [456.
355 4070 476 4152 με’νος
493 4068 558 4164 ἠΰ·
583 4070 690 4152 οὕτως
702 4069 923 4160 Ἀρίσταρχος,
940 4072 1132 4158 Ζηνόδοτος
1147 4071 1184 4138 δὲ
1200 4077 1274 4157 με’-

163 4179 234 4244 νος
255 4169 523 4262 ηολυθαρσλς
547 4175 672 4258 ἐνῆκε
696 4163 751 4239 καὶ
770 4180 994 4259 προστίθησιν
1014 4170 1128 4250 (αὐτὸς
1143 4168 1177 4238 δ’
1200 4170 1274 4239 Οὕ-

162 4264 334 4350 λυμπόιδε
356 4267 431 4352 μετ’
457 4269 655 4339 ἀθανάτοισι
667 4273 832 4359 ιβεβήιιει.“
850 4279 902 4363 V.]
