2866 4882
204 336 266 398 316

203 501 241 566 έν
262 502 309 588 τῷ
329 499 405 581 περὶ
426 499 484 580 τής
498 498 672 580 Φρυνίχου
693 490 867 577 θυγατρὸς
881 488 1064 578 άρκτεῦσαι
1085 501 1232 580 είρηκευ.
1262 500 1321 562 δε-

202 606 361 668 κατεῦσαι
390 601 520 685 μέντοι,
553 602 674 682 φησίν,
705 601 830 682 κυρίως
862 599 992 680 ἐλέγετο
1024 592 1063 662 τὰ
1097 603 1320 680 καθιερῶσαι,

202 700 381 787 ἐπειδήπερ
411 703 492 778 ἔθος
519 691 563 785 ἦν
580 695 777 784 Ἑλληνικὸν
804 693 863 777 τάς
884 694 1025 778 δεκάτας
1046 703 1116 764 τῶν
1139 723 1322 786 περιγενο-

202 808 315 892 μένων
336 815 405 881 τοῖς
425 811 519 881 θεοῖς
541 806 738 886 καθιεροῦν.
755 797 874 890 ΗἽσως
896 801 932 868 δέ
955 806 1023 865 κτλ.

286 926 433 990 Pertinet
458 925 541 989 haee
567 923 754 989 observatio
774 923 913 988 fortasse
935 922 978 986 ad
1003 919 1175 998 Demosih.
1200 944 1228 985 e.
1253 922 1322 985 An·

202 1030 286 1094 drot.
318 1031 349 1108 ξ.
374 1033 413 1091 77
442 1025 496 1091 vel
524 1025 567 1090 ad
594 1047 641 1089 or.
665 1048 694 1090 e.
724 1025 921 1089 Medontem.
966 1023 1121 1088 Ceterum
1144 1023 1186 1087 de
1206 1024 1322 1089 verbis
1409 1027 1416 1042 '

203 1128 280 1212 περὶ
302 1125 427 1193 τούτου
449 1128 582 1211 βιβλίον
604 1123 735 1208 γράψας
755 1128 879 1193 videsis
899 1148 982 1214 quae
1003 1125 1073 1191 dixi
1093 1127 1128 1189 in
1144 1135 1329 1191 comment.-

203 1232 259 1298 ΙΙΙ
279 1254 312 1317 p.
339 1232 387 1294 12.

287 1349 447 1435 Harpoer.
464 1352 564 1431 140,9
588 1340 729 1412 ὅσιον·
752 1343 867 1412 -ὅτι
890 1342 926 1410 δὲ
948 1341 988 1411 τὰ
1011 1339 1088 1409 ὅσια
1110 1341 1150 1408 τὰ
1176 1343 1322 1428 δημόσια

204 1453 303 1535 δηλοῖ
328 1449 553 1532 Δημοσθένης
580 1451 617 1514 έν
643 1453 688 1537 τῷ
712 1445 795 1514 κατὰ
829 1446 1059 1532 Τιμοκράτους
1081 1449 1198 1529 σαφεῖς
1221 1444 1321 1511 διδά-
1416 1507 1418 1512 ,

204 1571 276 1618 σκει
299 1547 543 1633 περὶτούτων·
568 1550 642 1616 (καὶ
660 1549 701 1615 τὰ
722 1549 785 1635 μὲν
806 1548 890 1635 ίερά,
912 1546 972 1626 τὰς
991 1545 1131 1623 δεκάτας
1151 1551 1210 1632 τῆς
1231 1551 1323 1612 θεοῦ

204 1652 259 1720 καὶ
285 1649 343 1729 τάς
371 1648 598 1736 πεντηκοστὰς
626 1651 694 1719 τοῖν
721 1648 833 1719 άλλωυ
853 1655 947 1718 θεων
969 1645 1226 1732 σεσυληκότας’.
1266 1648 1322 1713 καὶ

203 1751 276 1838 μετ’
306 1750 417 1837 ὀλίγα·
453 1749 510 1818 ‘vei
537 1750 573 1818 δὲ
602 1749 678 1819 ὅσια
706 1749 898 1839 ίίέγίγνετο
920 1753 1063 1839 ήμέτερα
1083 1751 1319 1836 κεκλοφότες’.

204 1859 394 1940 Δίδυμος
415 1854 452 1920 δὲ
474 1858 611 1942 (διχῶς,
633 1859 755 1942 φησίν,
779 1859 897 1941 έλεγον
919 1853 956 1922 τὸ
980 1850 1077 1921 ὅσιον
1104 1852 1142 1921 τό
1168 1878 1204 1919 τε
1226 1850 1321 1938 ίερόυ

169 2041 170 2044 ¹
205 1956 260 2023 καί
283 1953 319 2024 τὸ
341 1954 541 2022 ίδιωτικόν’.

288 2077 385 2143 Adde
414 2075 509 2140 Phot.
538 2077 617 2158 352,
648 2082 685 2140 15
719 2078 819 2143 schol.
858 2079 986 2165 Platon.
1020 2099 1053 2162 p.
1076 2078 1137 2140 397
1171 2077 1320 2165 Hesych.

205 2179 307 2262 Suid„
332 2179 387 2264 qui
409 2200 482 2241 eum
504 2177 619 2241 efferat
639 2180 746 2244 locum
769 2179 1001 2244 Demosthenis
1036 2183 1097 2265 (or.
1122 2202 1150 2244 e.
1175 2179 1318 2246 Timocr.

204 2285 235 2362 §-
260 2281 315 2364 66)
336 2273 464 2362 dubito,
493 2302 571 2344 num
592 2280 810 2367 Harpocratio
839 2305 882 2346 ex
908 2281 1158 2369 hypomnemate
1182 2281 1320 2368 Didymi

205 2384 240 2446 in
261 2391 422 2446 oratorem
445 2383 627 2468 conscripto
649 2383 681 2447 h.
698 2382 720 2446 l.
742 2384 930 2464 profecerit.
949 2422 992 2432 -
1014 2383 1167 2446 Ceterum
1187 2383 1321 2447 Ammo-

204 2484 279 2547 nius
301 2506 333 2569 p.
357 2486 417 2546 104
445 2482 478 2546 h.
502 2482 523 2546 l.
552 2483 733 2569 Didymum
759 2507 825 2548 non
854 2492 1009 2570 sequutus
1037 2494 1102 2565 est,
1134 2484 1192 2548 sed
1218 2484 1320 2548 alium

204 2585 316 2650 neseio
338 2607 444 2672 quem,
467 2581 607 2648 fortasse
628 2583 860 2670 Apollonidem
880 2585 1106 2650 Nicaeensem.

290 2811 310 2869 ί.
342 2802 502 2889 Harpoer.
526 2806 595 2890 158,
611 2807 652 2868 27
673 2800 935 2888 πρόπεμπτα·
959 2806 1086 2879 Λυσίας
1105 2803 1142 2867 ἑν
1163 2809 1209 2893 τῷ
1233 2804 1319 2887 πρδς

204 2902 266 2988 τήν
287 2902 482 2986 Μιξιδήμου
505 2904 651 2990 γραφήν,
673 2909 703 2970 εί
724 2902 872 2987 γνήσιος,
895 2902 950 2968 καὶ
970 2906 1194 2989 Δημοσθένης
1217 2907 1318 2994 ἐντῷ

205 3007 291 3086 περὶ·
304 3009 365 3069 τοῦ
383 2999 526 3088 Ἀγνίου
541 3005 679 3090 κλήρου.
710 3007 899 3089 Δίδυμος
916 3003 1072 3089 (μήποτε,
1096 3013 1211 3092 φησίν,
1233 3005 1319 3075 ἄλλα

205 3103 281 3170 τινά
304 3103 394 3169 έστιν
416 3105 562 3189 ε’πιτίμια
582 3106 621 3171 τίι
641 3104 706 3189 πρὸ
730 3113 788 3189 της
810 3110 1006 3190 καταβολῆς.
1040 3109 1101 3171 είσί
1124 3104 1199 3194 γάρ,
1222 3113 1258 3183 οἳ
1278 3105 1319 3175 τὰ

205 3207 336 3289 πέμπτα
358 3209 428 3269 των
450 3204 642 3290 τιμημάτων
662 3205 1024 3293 παρακαταβάλλεσθαί
1043 3213 1159 3293 φασίν,
1181 3204 1226 3288 ὡς
1246 3216 1320 3275 Λυ-

205 3312 276 3382 σίας
294 3305 331 3370 ἐν
350 3310 396 3392 τῷ
415 3302 498 3370 κατὰ
508 3302 763 3392 Ἀπολλοδώρου
782 3305 1015 3394 ὑποσημαίνει.
1040 3314 1071 3375 εί
1085 3310 1130 3394 μή
1148 3307 1214 3394 άρα
1231 3311 1319 3397 πρό-

205 3430 347 3491 πεμπτα,
368 3400 413 3485 ὡς
424 3409 658 3496 Δημοσθένης,
680 3407 745 3493 πρὸ
768 3404 893 3494 ἡμέρας
909 3412 1018 3477 πέντε.
1042 3423 1113 3488 ταῖς
1132 3409 1196 3494 γὰρ
1212 3411 1317 3496 μεγά-

204 3516 276 3586 λαις
298 3512 405 3586 δίκαις
427 3505 491 3574 οὐκ
514 3505 608 3595 ήριιει
628 3518 688 3596 μία
710 3509 823 3599 ήμέραΔ
835 3508 920 3596 πρὸς
933 3508 996 3597 τήν
1009 3515 1145 3597 κρίσιν’.
1161 3552 1203 3560 -
1219 3514 1317 3580 Phot.

204 3617 275 3696 456,
299 3615 338 3675 ει
362 3610 452 3677 Suid.

288 3769 326 3811 m.
365 3746 525 3832 Harpoer.
549 3750 622 3829 160,
643 3753 661 3811 5
690 3753 937 3831 προστασία·
965 3747 1190 3832 Δημοσθένης
1211 3749 1249 3812 έν
1272 3754 1319 3837 τῷ

203 3846 286 3914 κατά
306 3843 498 3930 Ὀνήτορος·
522 3850 640 3912 εταῦτα
662 3843 724 3931 οὐχ
736 3844 990 3934 ὁμολογουμένη
1003 3854 1216 3933 προστασία’;
1241 3846 1317 3916 ἀντὶ

203 3954 265 4015 τοῦ
287 3947 431 4034 βοήθεια
454 3941 498 4024 ὡς
521 3949 766 4032 προισταμένου
788 3946 880 4036 τινὸς
905 3952 960 4015 καί
983 3950 1248 4035 ἐπικουροῦντος
1271 3959 1316 4040 τῷ

203 4046 425 4137 ἀδικουμένῳ.
471 4053 629 4133 Αἰσχίνης
656 4050 693 4114 ἐν
719 4056 766 4137 τῷ
792 4050 867 4136 περὶ
889 4057 948 4136 τής
972 4056 1148 4139 πρεσβείας
1178 4047 1243 4130 *ὡς
1266 4057 1320 4120 δεῖ

204 4147 243 4216 τὰ
268 4156 327 4234 τῆς
353 4145 543 4235 Ἀθηναίων
570 4145 785 4235 ἀκροπόλεως
812 4151 1007 4240 προπύλαια
1029 4166 1244 4237 μετενεγκεῖν
1271 4159 1316 4233 είς

126 4263 130 4272 ’
203 4247 266 4333 τήν
286 4256 492 4336 προστασίαν
514 4256 572 4335 τῆς
594 4255 789 4337 Καδμείας’.
815 4257 1004 4340 Δίδυμος
1022 4251 1084 4340 τήν
1107 4261 1315 4340 προστασίαν
