2812 4868
211 7 251 68 52

210 173 295 260 dyus
315 171 460 238 Grundr.
483 170 515 235 d.
536 191 585 256 gr.
607 169 672 234 Lit.
694 169 812 236 Gesch.
834 169 869 234 II
890 191 923 256 p.
944 173 1016 253 966,
1036 171 1070 234 in
1092 179 1253 260 apparatu
1274 193 1325 238 so·

209 275 349 362 phistico
372 275 420 340 sic
441 273 662 360 disputantem
683 293 734 360 ap.
751 271 859 338 Bekk.
876 273 1013 364 anecdd.
1026 272 1043 336 I
1054 296 1088 361 p.
1101 276 1141 339 68
1162 268 1326 340 ὑποσα-

210 379 367 455 κίζεπαι
385 371 430 442 τύ
452 372 654 460 χρήματα·
679 366 754 438 ἀντὶ
766 375 829 437 τού
843 365 1116 459 ύπαναλίσκεται,
1131 369 1325 442 ὑποκενού-

210 502 278 544 παι·
302 472 367 544 ἀπὸ
391 480 459 544 τοῖν
482 471 643 562 πολσακία
665 471 870 560 κενούντων,
893 469 916 558 ἢ
936 469 1002 540 ἀπὸ
1023 478 1092 540 ταῖν
1106 489 1175 556 τοῖς
1197 480 1326 556 σακίοις

211 579 467 665 διηθονμένων,
505 569 579 644 οἷον
599 583 703 644 ὀλνοα
730 571 752 660 ἥ
778 599 869 653 τινος
887 572 1056 642 τοιούτου.
1089 571 1325 657 ύποσακίζοπαι

209 672 274 748 ούν
293 678 333 747 τὰ
354 677 515 766 χρήματα,
537 671 611 744 οἷον
632 672 783 764 ύποόρελ.
815 676 885 742 Iam
908 679 1042 746 evolvas
1064 679 1270 768 Hesychium
1290 681 1324 744 II

208 808 240 871 p.
267 789 347 848 1474
381 806 408 849 s.
435 807 468 849 v.
498 777 777 858 ὑποσακλζειν
805 773 954 864 innuero
984 784 1030 869 spi
1064 779 1176 869 σάκκῳ
1205 781 1260 860 καὶ
1287 779 1324 847 τὸ

209 882 432 970 ποοςκόππειν
459 884 538 972 (προ,
559 921 602 936 -
623 881 760 947 Salmas.
781 882 815 946 in
839 880 979 969 Capitol.
999 906 1031 970 p.
1055 884 1116 947 246
1128 883 1183 968 Β).
1227 882 1325 964 Quod

209 990 237 1054 si
257 987 485 1075 Lycophronis
519 986 714 1051 sententiam
749 984 792 1049 ad
824 984 962 1051 verbum
991 986 1026 1050 in
1056 984 1224 1072 Hesychio
1258 1007 1324 1050 non

207 1091 314 1155 inesse
354 1090 470 1174 negari
502 1088 633 1175 quidem
660 1109 726 1152 non
752 1094 874 1173 potest,
907 1087 983 1152 huic
1015 1097 1125 1152 tamen
1155 1086 1322 1152 simillima
1360 1087 1362 1092 ⁴

209 1191 286 1256 inde
309 1191 450 1277 proferri
476 1211 573 1278 posse
596 1188 922 1255 animadvertendum
942 1198 1001 1254 est.
1046 1189 1153 1254 Dev.
1177 1191 1347 1267 σακλζεινι
1387 1239 1397 1264 .

207 1302 240 1357 et
255 1287 470 1371 ὑποσακίζειν
493 1292 536 1360 cf.
550 1293 644 1358 Phot.
656 1314 689 1379 p.
703 1295 773 1376 630,
787 1294 806 1355 9
829 1300 871 1356 et.
887 1314 930 1357 m.
951 1294 1023 1376 783,
1036 1295 1075 1356 27
1093 1292 1167 1356 Ael.
1179 1293 1319 1378 Dionys.

208 1417 260 1482 ap.
284 1395 436 1460 Eustath.
456 1418 488 1482 p.
509 1398 580 1477 940,
605 1397 656 1459 20.
701 1395 863 1481 Perquam
883 1396 984 1480 igitur
1002 1395 1172 1482 probabile
1196 1404 1247 1460 est
1269 1417 1320 1481 ap.

206 1498 288 1562 Hes.
309 1497 331 1562 l.
355 1519 382 1562 c.
411 1506 485 1584 post
509 1497 568 1560 illa
596 1489 676 1573 τούς
697 1494 846 1574 σάκκους
868 1519 941 1562 curn
963 1498 1111 1585 pluribus
1135 1499 1234 1564 etiam
1256 1498 1329 1585 Ly-

206 1600 379 1688 cophronis
394 1599 694 1686 interpretationem
719 1607 751 1666 et
771 1601 969 1665 mentionem
991 1600 1164 1666 excidisse.

206 1759 272 1824 quid
290 1758 335 1822 sit,
351 1758 453 1809 nescio.
471 1758 526 1809 Aut
536 1757 682 1823 legendum
693 1745 856 1821 Εύοοκόαν,
874 1757 946 1822 quod
954 1757 1108 1825 Hesychius
1118 1758 1238 1825 explicat
1251 1751 1320 1825 μέγα

207 1835 322 1910 ἰσχύων,
339 1851 388 1896 aut
405 1844 605 1896 restituendum
621 1835 766 1893 Κύκλωπα
783 1843 844 1895 coll.
857 1845 1069 1910 Artemid.13‚7
1087 1838 1232 1897 Κύκλωπα
1247 1840 1320 1896 [δεῖν

204 1920 225 1997 ἢ
242 1926 274 1982 sd
293 1922 399 1997 ἄντρον
415 1923 509 1982 αὐτοῦ
526 1962 560 1973 -
584 1922 799 1996 παραλελύσθαι
816 1921 837 1996 ἢ
857 1933 969 1982 νοσεῖν·
999 1935 1036 1986 cf.
1053 1935 1149 1987 Reislr.
1174 1934 1319 1988 Constant.

205 2035 303 2072 cerem.
313 2021 343 2071 11
351 2036 380 2086 p.
390 2020 441 2072 358
452 2019 495 2072 ed.
505 2019 603 2082 Bona„
622 2019 676 2068 nisi
693 2018 763 2068 latet
777 2033 831 2069 vox
849 2020 974 2072 similiter
993 2023 1111 2074 formata
1129 2026 1213 2088 atque
1219 2013 1320 2087 Ἑρμό·

137 2103 142 2110 '
205 2120 278 2174 παν,
300 2096 445 2170 Ἀντίπαν,
472 2097 654 2168 Τιτανύπαν,
679 2105 712 2156 de
737 2107 834 2171 quibus
853 2107 985 2163 Choerob.
1005 2110 1094 2162 Belrlr.
1118 2111 1162 2160 III
1179 2125 1206 2176 p.
1228 2109 1317 2176 1198.)

204 2196 277 2262 Hinc
302 2199 416 2260 apparet
438 2192 607 2259 Hesychium
626 2207 675 2242 noe
698 2192 750 2244 hoc
773 2209 880 2260 quoque
903 2194 963 2246 loco
982 2196 1082 2248 habere
1099 2195 1170 2248 male
1189 2196 1320 2248 dilacere-

205 2288 271 2334 tum.
308 2284 411 2348 Nempe
432 2297 502 2347 quae
524 2269 645 2345 Hesych.
669 2280 769 2332 11340
791 2271 926 2346 Ἐπιαλής
951 2282 1059 2334 exhibet
1083 2273 1266 2350 ὁέφιύλτης,
1286 2275 1319 2335 ὃν

205 2363 315 2427 Αἰολεῖς
327 2357 540 2442 ἕφέλην,·ολλλοι
559 2357 696 2431 ἐπιύλλην
716 2363 764 2416 κα)
781 2357 931 2434 ἕπωφὲλην
949 2365 1086 2420 καλοῦσιν
1105 2371 1241 2422 debebunt
1259 2387 1318 2440 cum

199 2449 338 2521 Ἠπιολλης
357 2447 523 2521 comparare,
542 2455 589 2505 ubi
607 2455 640 2505 de
658 2455 788 2506 daemone
807 2455 932 2507 Ικικῠοκο
949 2457 1017 2507 nihil
1034 2458 1150 2524 legitur,
1168 2473 1259 2524 neque
1277 2473 1319 2510 oc·

204 2550 298 2596 curate
316 2545 388 2594 inter
405 2533 528 2609 ἠπίαλος
548 2548 631 2608 atque
648 2532 783 2608 ἠπιάλων
802 2544 1003 2614 distinguitur.
1018 2547 1086 2598 Vice
1102 2561 1184 2598 verse
1202 2561 1249 2612 ap.
1266 2537 1334 2597 He?

204 2632 279 2696 aych.
299 2633 357 2682 avis
376 2620 546 2696 ήοισύλπιγξ
566 2630 681 2694 dicitur,
701 2645 782 2695 quam
797 2631 891 2682 scholl.
910 2632 958 2683 Ar.
970 2633 1041 2684 Avv.
1057 2621 1258 2698 ’Epsooilmppu
1274 2649 1320 2684 vo-

206 2718 301 2768 citant.
339 2717 465 2766 Ceterum
484 2716 520 2767 cl.
539 2717 668 2768 Eusteth.
688 2716 789 2782 Odyss.
808 2716 822 2765 λ
841 2734 867 2783 p.
886 2717 967 2781 1687,
985 2719 1071 2770 5011.
1094 2718 1154 2784 434,
1173 2720 1206 2770 12
1223 2725 1259 2770 et.
1283 2735 1317 2768 m.

203 2803 263 2867 434,
271 2804 296 2855 5.
315 2803 395 2853 Unde
410 2807 487 2868 patet
497 2803 645 2854 Aeolenses
656 2804 819 2854 incubonem
830 2820 885 2854 non
897 2794 1000 2870 ἐφέλην
1014 2806 1062 2856 sed
1075 2795 1193 2855 ἕπίαλον
1207 2805 1317 2870 dixisse,

203 2889 336 2956 siquidem
354 2890 471 2941 Alcaeus
489 2890 689 2957 intellegendus
707 2894 749 2940 est
766 2891 867 2956 lyricus
888 2890 933 2957 (sr.
955 2891 1006 2942 129
1021 2909 1065 2958 ap.
1086 2892 1186 2959 Bergk.
1201 2910 1229 2958 p.
1244 2894 1316 2960 595).

202 2978 300 3043 Itaque
315 2977 378 3028 vide
395 2993 429 3029 ne
449 2993 493 3043 ap.
512 2979 580 3030 Hes.
600 2977 678 3028 sedes
696 2982 801 3028 mutare
820 2977 937 3029 debeant
956 2967 1036 3028 ἄλλοι
1055 2984 1083 3029 et
1099 2973 1219 3038 Αἰολεῖς.
1249 2981 1314 3031 Hes.

202 3064 298 3115 11543
313 3053 445 3130 λφέλης.
461 3055 602 3123 ἔπίαλτος.
622 3065 636 3117 Ι
650 3066 719 3117 1414
730 3056 797 3116 ἐπω
809 3060 852 3130 φέ
859 3065 896 3130 λη
907 3079 935 3124 ς·
951 3057 966 3116 ὁ
980 3058 1155 3132 καλούμενος
1169 3056 1315 3132 ἐφιολλτης.

202 3152 216 3202 Ι
235 3152 300 3204 1551
321 3140 496 3216 λφιολλτης
515 3141 530 3200 ὁ
551 3141 709 3216 ἔπιπηδοῖν.
732 3153 767 3207 ,Π
784 3169 814 3218 p.
832 3153 866 3205 85
883 3143 1045 3217 Ἰφίαλος.
1063 3145 1079 3203 ὁ
1100 3143 1251 3219 ἐφιοίλπης,
1271 3156 1318 3206 ubi

200 3239 256 3305 leg.
269 3234 353 3302 ἴφια
369 3235 481 3304 μῆλα·
500 3231 614 3304 μεγάλα,
626 3232 736 3304 ἰσχυροὶ.
750 3233 907 3304 λφίαλος·
923 3231 937 3288 ὁ
952 3230 1086 3305 ἐφιύλτης
1102 3231 1160 3289 ἆπὸ
1173 3237 1227 3290 τού
1241 3235 1315 3296 ἰέναι

202 3321 336 3389 σφοδροῖς
349 3319 398 3374 καὶ
413 3322 540 3391 σκιρτᾶν,
563 3324 673 3378 111395
694 3325 809 3390 Τῖφυς
822 3321 837 3376 ὁ
853 3316 995 3391 ἕφωλλτης,
1013 3324 1114 3385 νεοῖλος
1127 3329 1214 3378 Piera.
1227 3328 1314 3379 Moer.

200 3429 226 3477 p.
246 3412 305 3466 373.
324 3439 359 3450 -·
384 3414 453 3465 Hes.
474 3403 605 3478 Ὠφελής.
631 3403 646 3462 ὁ
674 3403 817 3478 ἐφιολλπης.
854 3413 978 3464 Eundem
995 3415 1118 3465 morbum
1133 3412 1316 3479 Πνιγαλίωνα

199 3503 281 3550 vocat
299 3499 427 3551 Themiso
445 3516 488 3566 ap.
509 3500 587 3552 Paul.
606 3501 704 3567 Aegin.
725 3499 750 3564 3,
771 3501 812 3552 15.
849 3501 943 3552 Latini
961 3502 1088 3566 dicebant
1105 3502 1265 3564 incubonem,
1286 3506 1316 3552 ut

200 3586 324 3637 Scribon.
348 3587 431 3652 Larg.
457 3603 577 3653 compos.
602 3583 653 3639 100
688 3587 849 3638 Tertulliau.
879 3587 913 3637 do
933 3589 1016 3640 anim.
1041 3605 1065 3640 ο.
1081 3593 1116 3640 44
1139 3588 1211 3640 Plin.
1239 3589 1266 3640 h.
1288 3605 1315 3640 u.

198 3659 304 3725 XXVII
322 3673 354 3724 10
369 3674 451 3739 Verg.
474 3675 543 3725 Aen.
566 3674 621 3724 XII
640 3674 691 3726 908
713 3675 790 3726 Serv.
814 3676 849 3725 ed
865 3676 933 3726 Aen.
958 3675 997 3727 v1
1022 3677 1072 3728 775
1097 3675 1157 3727 Vol.
1177 3677 1192 3726 I
1215 3693 1243 3742 p.
1262 3677 1314 3730 403

198 3761 279 3812 Lion.
297 3761 378 3812 Voss.
395 3761 464 3811 Idol.
481 3761 525 3810 111
543 3777 568 3812 c.
584 3760 618 3812 35
635 3762 659 3812 Ι.
679 3761 710 3814 0.
723 3764 840 3813 Zeunius
868 3763 1005 3816 animadv.
1026 3765 1054 3813 in
1074 3763 1196 3816 Macrob.
1217 3764 1309 3816 Somn.

199 3847 272 3912 Scip.
289 3863 312 3898 e.
323 3847 367 3897 111
381 3863 408 3912 p.
423 3848 456 3898 15
475 3845 512 3912 (p.
526 3847 597 3913 703).
621 3848 782 3900 Declinatur
800 3866 853 3902 vox
871 3840 988 3914 ἐπιύλης
1008 3856 1078 3902 teste
1089 3851 1177 3903 Bekk.
1197 3853 1311 3903 anecdd.

198 3933 242 3983 111
260 3950 288 3998 p.
307 3933 383 3998 1198,
404 3933 436 3986 31
457 3923 617 4000 ἔπιύλητος.
