2866 4882
1134 385 1196 448 283

87 565 258 644 ty'aeens
268 577 338 636 em,
358 555 476 618 deinde
490 551 717 618 Soteridam
729 551 830 616 Suida
847 539 878 616 et
890 553 1038 617 Eudoeia
1048 552 1197 638 testibus,

88 657 230 743 denique
245 656 443 741 Dionysium
458 655 622 720 Cratetem
637 655 819 718 Euclidem.
842 653 892 718 Ac
911 655 1109 740 Dionysium
1130 657 1198 743 qui-

88 761 163 825 dem
189 757 329 822 Taetzae
362 781 428 822 000
458 756 724 842 distinguendum
752 778 824 821 esse
851 757 991 820 arbitror
1023 755 1065 819 ab
1097 755 1197 842 hypo·

88 861 296 925 000000011010
332 860 455 924 codicis
490 858 700 922 Havniensis.
744 857 785 920 In
822 859 935 922 eadem
966 857 1052 922 enim
1080 857 1198 921 incude

88 963 249 1028 fabricata
270 962 436 1043 videntur,
459 983 542 1047 quae
564 961 598 1023 in
621 958 721 1023 001001.
743 960 847 1024 Andr.
872 963 911 1024 32
934 959 1016 1025 Oob.
1038 981 1058 1022 0
1079 952 1141 1022 ὅσα
1155 996 1198 1008 -

88 1063 274 1149 τραγῳδίας
301 1060 454 1146 leguntur
482 1071 579 1147 atque
608 1061 708 1126 schol.
736 1062 792 1126 Or.
819 1063 898 1126 1686
922 1071 954 1126 et
976 1082 1101 1144 argum.
1124 1059 1196 1123 Alc.

89 1162 172 1228 Gob.
217 1163 282 1226 Sed
300 1162 467 1227 difficilius
491 1172 540 1226 est
559 1164 735 1246 extricatu,
766 1165 837 1250 quis
865 1165 926 1228 iste
948 1161 1128 1248 Dionysius
1152 1161 1198 1223 10-

86 1263 293 1348 tellegendus
314 1266 365 1328 sit.
410 1265 571 1328 Musicum
595 1264 919 1330 Halicarnassensem
947 1264 1106 1330 iuniorem
1127 1284 1199 1326 esse

88 1372 234 1428 statuunt
259 1364 404 1430 Meinek.
432 1365 522 1429 Com.
559 1366 617 1430 Gr.
649 1367 684 1429 ΙΙ
714 1369 794 1430 1246
821 1366 896 1431 hist.
926 1368 997 1432 crit.
1021 1364 1112 1430 Com.
1139 1363 1197 1428 Gr.

87 1489 120 1552 p.
147 1469 184 1529 16
205 1466 248 1529 Η.
271 1465 359 1530 Keil.
383 1467 468 1530 Mus.
493 1467 597 1531 Rhen.
613 1467 662 1532 VI
684 1493 716 1555 p.
740 1471 905 1551 130.131·,
936 1491 1003 1532 nee.
1019 1467 1089 1530 0100
1112 1465 1198 1528 simi-

89 1565 226 1630 litudine
248 1568 329 1632 veri.
374 1568 440 1632 Res
460 1571 547 1632 enim
569 1579 602 1634 et
623 1569 766 1632 musicae
793 1578 824 1634 et
847 1571 997 1636 chorieae
1018 1576 1200 1632 tractantur

89 1669 124 1730 in
152 1667 264 1732 scholl.
292 1669 350 1733 Or.
382 1673 526 1733 176-76
552 1671 602 1735 IV
624 1695 657 1757 p.
688 1675 748 1735 314
779 1672 895 1737 Matth.
924 1671 1082 1737 Androm.
1112 1669 1198 1732 103?

89 1770 188 1856 Hipp.
224 1775 263 1834 67
296 1770 377 1835 Gob.
407 1771 530 1836 Phoen.
561 1775 622 1836 262
661 1772 707 1860 (V
731 1795 763 1858 p.
794 1778 845 1838 59.
870 1779 910 1839 66
941 1774 1001 1859 Μ.)
1033 1773 1106 1838 Α10.
1129 1773 1198 1835 618

87 1871 176 1936 Med.
201 1875 263 1934 617
269 1921 277 1954 ,
301 1893 436 1958 quorum
457 1874 588 1959 quidem
610 1874 754 1938 locorum
775 1876 990 1941 novissimum
1012 1898 1072 1962 par
1094 1896 1200 1960 neque

88 1995 109 2035 a
130 1972 276 2059 Didymo
300 1973 463 2040 abhorret.
505 1969 635 2058 Ἐπέχω.

176 2274 379 2342 scholiorum
409 2273 579 2364 Sophoclis
606 2277 900 2344 Laurentianorum
928 2281 1093 2347 auctorem
1117 2282 1200 2345 dixi-

68 2385 161 2441 Ι00000
181 2386 311 2463 praeter
331 2379 469 2466 Didymi
490 2380 757 2444 commentarium
780 2381 925 2445 eiusdem
948 2384 1062 2466 etiam,
1085 2393 1199 2468 'neque

89 2501 168 2543 vero
181 2478 366 2544 Palamedis
378 2481 527 2564 Eleatici,
544 2479 632 2556 λέξιν
648 2476 810 2564 τραγικήν
821 2501 996 2568 usurpasse
1007 2484 1081 2569 (Tr.
1094 2487 1106 2545 1
1119 2487 1199 2570 161),

91 2581 211 2658 deinde
223 2579 307 2644 hane
315 2583 424 2667 ipsam
435 2581 524 2658 λέξιν
534 2583 569 2652 10
581 2580 680 2647 001001.
693 2582 745 2646 El.
760 2586 823 2652 161Ι
833 2587 1065 2649 commentario
1077 2587 1098 2647 i.
1113 2607 1140 2647 e.
1154 2589 1199 2670 τῷ

91 2675 306 2764 ὑπομνήματι
319 2703 361 2745 ex
372 2681 511 2745 adverso
523 2685 654 2768 poni,ut
665 2684 807 2769 suspicio
819 2683 1014 2770 suboriatur,
1028 2686 1116 2750 idem
1125 2684 1199 2748 aliis
1284 2739 1286 2742 .
1343 2753 1346 2760 ,

91 2787 189 2849 etiam
204 2782 284 2847 10010
296 2805 370 2847 0000
385 2781 516 2866 factum,
533 2783 673 2868 denique
688 2778 911 2869 ὑπομνήματα
927 2787 997 2850 sive
1012 2783 1091 2862 τοὺς
1104 2786 1197 2871 (προ)

90 2875 472 2968 ὑπομνηματισαμένονς
495 2905 515 2946 0
535 2886 765 2949 commentario
786 2887 846 2973 (001
861 2881 934 2972 ὑπ.)
958 2894 1108 2951 00000010
1129 2907 1201 2950 0000

63 3001 65 3006 ’
91 2985 323 3070 distinguenda
338 2984 534 3072 (00100106.
549 2985 635 3070 681),
654 2986 832 3073 eademque
849 3009 869 3050 a
879 2988 1024 3074 Didymo
1038 2988 1200 3072 usurpari,

91 3087 134 3151 ad
154 3087 292 3155 verbum
312 3085 444 3168 referri,
467 3086 614 3149 refutari.
660 3086 788 3167 Quodsi
810 3090 856 3151 ita
877 3096 935 3170 est,
959 3109 1053 3174 spero
1073 3087 1144 3152 fore
1164 3097 1200 3151 ut

90 3190 184 3253 iuxta
205 3185 332 3252 meeum
349 3211 464 3273 ,omnes
486 3188 695 3272 intellegant,
724 3198 872 3252 veterum
890 3190 924 3251 in
946 3173 1217 3275 Aristophanem

92 3277 288 3353 scholiorum
311 3288 509 3352 simillimam
534 3311 605 3354 0000
625 3291 859 3355 condicionem.
890 3290 941 3354 Ac
960 3291 1045 3354 lexis
1068 3291 1200 3382 quidem

92 3386 222 3473 κωμική
244 3389 318 3477 plus
339 3390 412 3452 vice
434 3389 575 3476 simplici
596 3401 725 3477 praeter
747 3393 1014 3457 commentarium
1036 3393 1070 3454 in
1090 3399 1200 3478 partes

79 3500 228 3554 'vocatur
249 3489 330 3576 (vid.
344 3491 361 3554 Ι
375 3512 450 3576 cap.
465 3495 483 3553 5
498 3517 530 3579 p.
543 3494 583 3556 72
596 3493 690 3556 huius
705 3492 806 3575 libri),
817 3491 922 3555 schol.
938 3491 1024 3555 Plut.
1043 3494 1104 3555 313
1114 3492 1199 3556 ·Ρο0.

92 3594 165 3672 659,
187 3591 274 3654 unde
296 3591 447 3674 efficitur,
469 3603 506 3655 ut
524 3593 825 3656 ratiocinationibus
843 3593 971 3679 saepius
989 3594 1055 3654 iam
1070 3612 1089 3653 a
1106 3590 1200 3654 001010

67 3704 68 3707 ’
92 3695 259 3778 usurpatis
279 3693 341 3756 hoe
362 3714 489 3779 quoque
511 3695 583 3758 loeo
606 3693 756 3756 admissis
776 3691 937 3777 Hesychii
955 3699 986 3754 et
1008 3691 1201 3754 scholiastae

92 3813 296 3874 consensum,
319 3815 521 3879 0000000000
536 3794 652 3880 pedem
671 3793 764 3878 figas,
788 3793 930 3875 obvium,
951 3792 1028 3856 inde
1046 3790 1200 3877 explices,

92 3893 182 3980 quod
212 3902 348 3980 uterque
376 3894 556 3980 Didymum
591 3905 693 3960 semet
723 3897 830 3982 ipsum
862 3896 902 3959 de
936 3915 1026 3958 00000
1055 3890 1201 3976 expilan-

91 4003 158 4058 tem
182 3995 340 4060 adhibuit.
385 3993 515 4057 Deinde
540 4019 622 4084 quae
645 3999 848 4083 intempore
872 3994 1020 4081 Didymo
1039 3993 1202 4055 anteriora

92 4093 296 4158 descendunt
327 4098 558 4160 commentaria
591 4095 645 4184 (τὰ
677 4091 912 4181 ὑπομνήματα)
946 4093 1069 4180 passim
1097 4098 1201 4154 trans·

92 4193 214 4278 scripta
246 4195 517 4281 deprehendimus
549 4196 653 4265 schol.
682 4197 769 4261 Avr.
803 4199 862 4258 124
884 4235 926 4244 -
950 4188 968 4257 ὁ
991 4191 1053 4275 μὲν
1075 4195 1200 4256 Καλλί-

92 4318 194 4380 μαχος
206 4296 349 4386 γράφων
369 4292 487 4383 οὕτως,
504 4302 703 4384 Λικυμνίαις
718 4301 845 4384 βολαῖς,
870 4299 992 4383 φησί..
1008 4341 1014 4360 .
1028 4343 1054 4381 .,
1078 4289 1200 4379 ταύτης
