2752 4890
180 399 239 462 128
622 401 823 462 -Ε-

264 559 349 645 [377.
373 567 563 650 ἔνειμεν·
584 561 694 646 οὕτως
716 568 753 633 αί
765 561 984 653 Ἀριστάρχου
1005 568 1119 646 BLV]

261 668 315 736 De
337 670 399 732 549
422 667 466 733 ef.
491 668 591 734 schol.
613 667 721 755 Odry
741 671 815 736 489.
970 725 971 730 ,

264 773 349 849 [560.
373 771 499 849 δυϊαοῖς
522 765 559 837 τό
584 770 777 849 ἐοικότες
795 766 1007 857 Ἀρίσταρχος
1028 773 1081 850 V.]
1143 829 1146 832 .

76 933 78 944 .
263 874 336 938 038.
364 873 488 940 Friedl.
517 901 549 964 p.
580 877 640 938 112
669 882 757 940 recte
784 873 976 941 Aristarcho
1003 876 1136 958 tribuit,
1165 875 1296 942 dubitart

177 978 321 1043 Duentz.
344 977 468 1044 Zenod.
491 1003 523 1067 p.
547 982 578 1063 3,
607 980 655 1043 13.
964 1001 974 1015 ·

263 1081 336 1146 661.
356 1073 569 1167 Ἀρίσταρχος
589 1078 672 1166 μετά
695 1084 757 1173 τοῦ
777 1104 798 1146 ν
820 1077 1062 1171 βεβλήκειν.
1081 1079 1124 1144 Α.

264 1185 335 1248 095.
360 1178 581 1266 Πελάγων·
603 1189 810 1270 Πτολεμαῖος
831 1176 849 1246 ὁ
871 1185 932 1247 τοῦ
950 1175 1135 1267 ’οροάνοον
1151 1178 1209 1247 διὰ
1229 1184 1290 1246 τοῦ

177 1279 428 1366 σΣελάγων.
450 1284 492 1349 Α.
547 1329 548 1334 1
733 1309 734 1312 ¹

261 1389 335 1451 700.
358 1379 467 1464 οὕτως
483 1379 694 1470 Ἀρίσταρχος
716 1380 889 1471 ἀμφότερα
910 1381 967 1453 διὰ
988 1388 1050 1451 τοῦ
1072 1407 1088 1450 ε
1108 1386 1291 1470 προτρέ-

177 1511 309 1556 ττοντο
331 1485 387 1552 καὶ
408 1483 476 1552 ἐπὶ
497 1490 580 1571 νηοῦ
588 1510 625 1551 ν·
646 1488 735 1570 λέγει
757 1484 841 1572 γάρο
860 1482 1171 1573 ῧτετροτροαάοην
1186 1487 1288 1570 ἐφεν-

39 1597 42 1603 ’
177 1615 241 1676 γον
255 1592 316 1657 tut
337 1584 397 1668 τὰς
417 1591 510 1666 ναῦς.
534 1589 575 1654 Α.

254 1696 335 1758 703.
355 1686 567 1776 Ἀρίσταρχος
589 1687 644 1757 riui
664 1695 727 1756 rori
748 1715 768 1756 α
787 1690 1052 1776 ἐξενάριξαν.
1073 1696 1114 1754 Α.

232 1837 233 1842 1
263 1796 335 1858 746.
365 1786 384 1860 ὁ
405 1790 575 1870 Σιδώνιος
592 1787 677 1860 άνεν
698 1798 761 1861 τοῦ
781 1820 792 1861 ι
815 1791 852 1860 τὸ
872 1789 1072 1879 δάμνησι,
1104 1783 1122 1855 ὁ
1146 1788 1184 1856 ii
1204 1783 1288 1874 Ἀρί-

177 1911 319 1981 σταρχος
337 1893 404 1962 σὺν
425 1899 472 1983 τῷ
494 1921 517 1962 ι.
539 1896 581 1961 A.

263 2001 336 2062 757.
362 1993 543 2082 καρτερά
571 1999 690 2082 ἔργα·
724 1991 833 2076 οὕτως
861 1993 1090 2083 Ἀρίσταρχος,
1115 1989 1221 2061 ,ἄλλοι
1253 1992 1287 2060 rii

178 2093 264 2185 ἔργ’
282 2092 444 2184 άίδηλα.
467 2101 508 2166 Α.

263 2205 336 2267 787.
356 2196 567 2288 Ἀρίσταρχος
587 2201 625 2268 rt
654 2199 744 2269 κάκ’
771 2202 981 2287 ἐλεγχέες·
1010 2192 1048 2265 τὸ
1076 2197 1113 2267 tii
1137 2199 1212 2283 ἑξῆς
1236 2200 1288 2264 δι-

178 2308 255 2390 χῶς,
277 2299 393 2382 εἶδος
414 2296 657 2388 ἄριστοικαὶ
681 2300 794 2382 εἶδος
813 2299 972 2388 ἀγητοί.
994 2303 1038 2366 Α.

264 2409 337 2470 797.
356 2399 569 2490 Ἀρίσταρχος
587 2410 767 2489 τείρετο
791 2407 827 2471 αἱ
846 2404 884 2472 00
905 2407 1017 2478 κοιναί
1037 2425 1082 2490 τρ
1089 2407 1219 2490 ί.βετο

262 2507 346 2585 [818.
365 2511 463 2573 σοῖν·
485 2504 697 2593 Ἀρίσταρχος
715 2510 803 2574 σίων
826 2503 958 2591 γράφει.
978 2506 1062 2585 LV.]

264 2609 336 2674 839.
360 2602 544 2695 άνορατ’
568 2605 759 2693 άριστον·
782 2604 838 2675 οιά
860 2613 923 2674 τοῦ
947 2603 1288 2738 οέριίἈριστάρχον,

179 2703 368 2795 άνοραο
392 2705 580 2797 άριστον.
603 2713 643 2778 Α.

263 2806 374 2875 857.“
358 2835 378 2876 ο
398 2807 462 2879 δὲ’
457 2818 665 2899 Αρίσταρχος
687 2817 809 2901 μίτρη
832 2809 915 2879 κατὰ
920 2809 1085 2898 δοτικήν.
1109 2812 1147 2878 ἐν
1169 2814 1209 2879 δέ
1223 2830 1289 2879 τισι

179 2917 248 2978 τῶν
269 2907 521 3000 ὑπομνημάτων
542 2910 616 2982 ὅθι
636 2917 910 2983 στείλέσκετο
933 2919 1067 3001 μίτρη.
1091 2915 1133 2980 A.

94 3015 97 3020 ’
265 3016 351 3094 [872.
374 3015 555 3103 καρτερὰ
575 3020 692 3104 ἔργα·
714 3014 878 3104 γράφεται
894 3010 972 3102 ἔργ’
994 3011 1161 3101 άίοηλα,
1184 3013 1289 3082 ὅέστι

179 3115 478 3203 φθοροποιάΙΝη
499 3119 543 3185 cf.
565 3125 699 3198 11757]
856 3151 858 3156 ·

263 3224 336 3289 874.
360 3215 470 3300 οὕτως
488 3215 700 3308 Ἀρίσταρχος
728 3220 809 3307 μετὰ
831 3224 891 3286 τοῦ
914 3222 936 3286 0
945 3219 977 3305 ί,
1005 3241 1132 3305 χάριν
1155 3214 1237 3285 0
1214 3243 1289 3286 αν-

179 3324 330 3407 δρεσσι.
354 3319 395 3387 A.

263 3427 343 3490 881.
365 3425 402 3490 ιιί
433 3419 651 3510 Ἀριστάρχου
682 3420 968 3510 ὑπερφίαλον,
1000 3418 1063 3507 οὐχ
1094 3372 1291 3509 οιτέρον-

179 3548 274 3610 μον,
298 3517 411 3613 ὥσπερ
433 3527 470 3592 αί
488 3524 663 3612 οημιάοεις.
686 3530 728 3591 A.

264 3631 336 3694 900.
365 3623 551 3715 φάρμακ’
582 3631 788 3694 ἔπασσεν
830 3624 943 3706 Ἰακῶς
969 3624 1290 3713 φάρμακαττάσ-

179 3749 259 3796 σεν.
281 3732 322 3797 Α.

264 3837 351 3912 [906.
385 3826 431 3912 ὥς
454 3826 726 3917 ἀλλοπρόσαλλος
747 3827 812 3915 ἤδη
842 3831 1012 3916 λέίησται,
1046 3822 1095 3898 ὦν
1125 3833 1288 3898 πέπονθε.

178 3931 232 4000 διὰ
255 3931 292 4001 τὸ
322 3937 401 4014 ἔντος
417 3930 609 4020 Ζηνόδοτος
632 3929 758 4002 άθετεϊ.
786 3935 826 3998 Β.
849 3927 1060 4019 Ἀρίσταρχος
1081 3930 1201 4001 ἀθετεῖ
1219 3934 1289 4000 LV.

177 4037 356 4104 Du'entzer.
377 4037 501 4104 Zenod.
523 4061 556 4126 p.
578 4040 608 4121 9,
630 4038 695 4112 34.]

264 4246 304 4318 [4.
349 4236 515 4325 πρότερον
551 4239 734 4325 ἐγέγραπτο
779 4238 961 4324 ’μεσσηγὺς
996 4249 1158 4323 ποταμοῖο
1198 4245 1290 4306 Σκα-

50 4391 51 4394 .
177 4337 331 4426 μάνορου
360 4341 415 4406 καί
443 4345 691 4426 στομαίίμνης’,
714 4336 858 4426 ὕστερον
879 4339 916 4406 A}
935 4335 1148 4426 Ἀρίσταρχος
1164 4341 1289 4424 ταύτην
