2752 4890
122 351 181 414 121
577 350 774 414 ..s-

64 535 66 540 ’
119 519 174 583 ἔπι
197 518 329 604 Γυγαίη
358 516 448 601 τέκε,
476 518 597 594 κακοῖς.
648 513 814 601 μηδέποτε
851 514 916 602 γάρ
936 510 1084 602 Ὅμηρος
1118 523 1239 606 λίμνης

121 617 222 686 τέκνα
242 619 405 704 ίστορείν·
428 621 532 703 βίαιοι
553 618 594 686 ὑί
614 619 718 686 εἰσιν.Ι
731 619 773 686 Α.

661 797 700 866 Γ.

209 930 258 992 18.
298 918 430 1009 αὑτάρ
459 919 646 1010 ὑϋοῦρε·
673 919 884 1014 Ἀρίσταρχος
911 919 996 991 άνευ
1017 931 1079 994 τοῦ
1100 923 1238 1014 ἄρθρου

121 1023 254 1111 αὑτὺρ
276 1028 416 1112 δοῦρε.
461 1020 570 1104 οὑτως
589 1024 645 1092 καὶ
663 1019 683 1110 ἡ
701 1019 967 1111 Ἀριστοφάνους
988 1027 1044 1094 καὶ
1064 1024 1085 1115 ἡ
1108 1035 1238 1098 Καλλι-

121 1125 286 1214 στράτου,
310 1127 365 1194 καὶ
386 1122 508 1210 σχεὺὑν
530 1121 639 1206 οὑτως
660 1128 716 1193 καὶ
738 1128 775 1192 αί
794 1129 1016 1211 χαριέσταται.
1038 1125 1240 1210 καὶὺἸξίοιν

123 1233 161 1297 ἐν
182 1236 228 1319 τῷ
255 1255 277 1296 α
298 1225 383 1314 πρὸς
410 1225 470 1306 τάς
491 1227 662 1315 ἐξηγήσεις
696 1223 820 1315 ὁμοίως
851 1228 1066 1314 προφέρεται.
1113 1234 1180 1317 ἔχει
1202 1232 1239 1300 ot

124 1331 186 1402 τὸν
203 1326 386 1422 Ὁμηρικὸν
408 1333 601 1415 χαρακτῆρα
620 1326 712 1417 καὶὴ
732 1327 798 1397 σὺν
819 1324 996 1419 τῷάρθρφ
1018 1333 1146 1420 γραφή,
1164 1339 1238 1402 καί·

125 1455 189 1516 περ
213 1427 278 1499 οὑκ
305 1421 392 1498 οὑσα
410 1426 666 1517 Ἀριστάρχειος.
710 1430 860 1519 σύνηθες
885 1427 950 1519 γάρ
972 1437 1020 1523 τῷ
1040 1441 1164 1524 ποιητῇ
1185 1437 1238 1504 ἐπὶ

123 1538 193 1612 τοῖν
210 1528 324 1600 αὑτῶν
339 1533 476 1617 μένοντι
499 1528 669 1601 ὑπόνοιαν
691 1537 858 1621 παρέχειν,
881 1528 927 1613 ὡς
941 1536 1018 1621 περὶ
1034 1532 1152 1623 ἑτέρου
1166 1542 1240 1606 δια-

125 1637 272 1720 λέγοιτο,
295 1637 478 1718 προσθέσει
500 1630 636 1722 άρθρου
655 1636 712 1704 καί
733 1633 929 1723 μεταλλάξει
948 1640 1238 1730 τοὺισυνὺέσμου,

125 1730 171 1815 άς
198 1735 252 1802 ἐπὶ
278 1741 341 1803 τοῦ
367 1735 556 1817 Κύκλωπος
587 1735 672 1806 *κὰδ
697 1742 810 1824 θέμιν
835 1732 944 1817 ὑπνος
962 1733 1037 1826 ᾔρει
1061 1742 1238 1828 πανδαμά-

126 1862 211 1923 τοιρ·
240 1832 259 1902 ὑ
289 1832 322 1904 θ’
352 1837 509 1923 ἐρεύγετο
535 1841 773 1926 οίνοβαρείοιν’
804 1840 882 1927 (Od.
909 1866 922 1907 ι
946 1843 1043 1928 372),
1076 1836 1155 1909 άυτί
1180 1849 1240 1910 τοῦ
1318 1911 1319 1914 ,

126 1941 182 2008 καὶ
209 1936 376 2025 ἐρεύγετο.
405 1941 447 2007 A.
475 1941 528 2008 Of.
555 1943 613 2007 BL
641 1936 683 2008 τά
708 1935 839 2027 αὑτάρ
867 1936 958 2027 παρὰ
981 1940 1170 2034 Ζηνοδότφ.
1186 1945 1240 2011 καὶ

131 2053 201 2122 τοῖς
222 2035 335 2120 ἄλλοις
355 2037 421 2108 οὑκ
442 2042 600 2129 ἐπάγεται
621 2040 659 2109 τὸ
682 2038 818 2128 άρθρον
838 2042 904 2110 κτὲ.
1011 2073 1016 2080 ·

212 2149 263 2209 51.
287 2148 538 2229 κατηφείην·
562 2142 671 2226 οὑτως
693 2148 931 2230 κατηφείην
953 2140 1020 2211 σὺν
1041 2150 1130 2235 τῷν
1151 2142 1240 2234 οὑμο-

128 2243 255 2332 λάγουυ
283 2247 320 2312 αί
336 2241 555 2334 Ἀριστάρχου
586 2248 641 2315 καὶ
671 2245 692 2335 ἡ
722 2242 987 2333 Ἀριστοφάνους
1005 2242 1102 2333 καὶὴ
1125 2255 1238 2316 Σωσι-

129 2349 249 2434 γένους
276 2343 380 2434 nocti]
401 2343 596 2435 Ἀργολική,
624 2351 681 2416 καί
707 2345 830 2435 σχεδὸν
859 2350 897 2415 ἐν
920 2360 990 2428 ταῖς
1012 2350 1240 2436 χαριεστάτοις

130 2447 239 2530 οὑτως
262 2445 360 2534 εἶχεν.
389 2444 468 2536 ἡδὲ
489 2449 684 2535 Ζηνοθάτου
703 2452 803 2537 χωρὶς
825 2455 886 2518 τοῦ
908 2476 929 2518 ν
950 2457 1170 2539 κατηφείη.
1201 2457 1240 2521 Α.

216 2557 267 2618 57.
291 2551 387 2619 ἕσσο
409 2549 465 2620 διὰ
487 2558 556 2621 τοῖν
574 2552 638 2622 ooo
660 2572 681 2619 σ
701 2548 792 2638 εἶχον
812 2555 849 2620 αί
865 2548 1099 2639 Ἀριστάρχου·
1124 2557 1179 2622 καὶ
1200 2551 1241 2620 οὑ

130 2649 239 2740 μόνον
263 2653 302 2720 ἐν
323 2665 400 2734 τοῖς·
413 2650 653 2742 ὑπομνήμασιν
677 2651 767 2740 εἶχον
788 2650 907 2742 οὑτως,
928 2650 1013 2722 άλλὰ
1035 2656 1092 2724 καὶ
1114 2656 1153 2723 ἐν
1174 2658 1241 2723 ἐνί-

131 2779 182 2834 οις
199 2753 299 2838 λόγος
321 2750 495 2842 ὑπέκειτο,
522 2752 574 2824 ὅτι
596 2753 765 2841 ἀνάλογον
786 2746 887 2842 ἦντὸ
910 2758 1034 2825 εἕσσω
1057 2764 1242 2842 μινιχλαϊ-

130 2854 197 2924 νάν
218 2866 272 2924 τε’
307 2858 385 2946 (Od.
409 2882 433 2924 π
454 2861 509 2948 79)
543 2860 599 2926 καὶ
626 2859 802 2940 *ἕσσαςζ
847 2861 902 2926 καὶ
928 2856 949 2946 ἡ
980 2856 1177 2945 Ζηνοθότου
1206 2861 1242 2927 δὲ

131 2953 240 3037 οὑτως
272 2955 337 3044 είχε
371 2961 426 3028 καὶ
456 2957 476 3047 ἡ
506 2956 780 3047 Ἀριστοφάνους.
818 2963 860 3030 Α.
904 2964 1083 3030 Duentzer.
1106 2964 1241 3030 'Zon0d.

132 3084 164 3149 p.
186 3065 286 3145 4,16.
1298 3071 1299 3074 ’

146 3223 149 3228 .
220 3165 289 3228 126.
332 3162 387 3228 καὶ
414 3164 452 3228 αί
466 3157 685 3251 Ἀριστάρχου
706 3165 761 3231 καὶ
783 3159 804 3250 ἡ
827 3160 1021 3249 Ζηνοδότου
1039 3164 1095 3231 καί
1116 3160 1137 3251 ἡ
1159 3163 1243 3250 Ἀρι-

82 3297 88 3310 ·
133 3261 326 3349 στεφάνους
348 3266 599 3351 πορφυρέην
622 3263 723 3352 εἶχον,
745 3261 787 3332 οὑ
808 3266 1066 3352 μαρμαρέην.
1098 3266 1157 3332 καὶ
1177 3270 1243 3332 ἐστι

133 3367 425 3452 πρεπωδέστερον·
446 3364 584 3453 καὶγὰρ
607 3367 660 3434 ἐπὶ
684 3371 753 3433 τοόυ
770 3371 916 3452 νυμφῶν
937 3362 1057 3452 εφάρε’
1075 3362 1244 3452 ὑφαίνου-

134 3469 191 3536 σιν
212 3464 449 3555 ὑλιπάρφυρα’
474 3471 551 3560 (Od.
575 3471 700 3559 ν168).
732 3472 774 3537 Α.
863 3533 864 3536 ,
1154 3517 1156 3520 -

218 3574 289 3638 193.
332 3575 510 3659 κεφαλῇ·
529 3567 739 3658 Ἀρίσταρχος
761 3569 958 3656 κεφαλήν.
982 3574 1023 3639 Α.
1048 3573 1093 3661 (A
1114 3571 1246 3658 βέλτιον

134 3672 171 3741 δὲ
194 3674 362 3742 exorditur
383 3675 556 3760 Nicanoris
577 3675 769 3763 adnotatio.)

214 3779 287 3844 227.
333 3774 524 3862 κεφαλήν
552 3799 610 3842 τε·
644 3771 753 3854 οὑτως
776 3772 843 3841 σὺν
863 3779 911 3864 τῷ
929 3775 973 3842 τί
991 3770 1012 3860 ἡ
1031 3771 1248 3864 Ἀριστάρχου

135 3881 191 3948 καί
211 3874 521 3965 ἡἈριστοφάνονς.
562 3876 618 3945 καὶ
638 3880 730 3945 ἐστιν
753 3873 1036 3964 εὑφραὺίστερον.
1058 3881 1100 3945 Α.

91 4017 94 4023 -
221 3984 295 4046 259.
336 3978 530 4047 ἐκέλευσε
563 3975 596 4047 θ’
634 3977 835 4062 ἑταίροις·
870 3975 980 4059 οὑτοις
1009 3991 1079 4059 τοῖς
1106 3979 1249 4068 ἑταίροις

135 4080 219 4151 κατά
231 4077 370 4168 δοτικὴν
380 4078 646 4170 αίἈριστάρχου.
667 4079 860 4165 σννεφοίνει
874 4084 929 4148 καὶ
941 4077 962 4167 ἡ
974 4081 1183 4167 Ζηνοδότου.
1207 4086 1247 4151 A.

216 4189 290 4252 262.
333 4190 509 4272 προκρίνει
536 4183 599 4269 μὲν
625 4181 688 4270 την
714 4179 771 4250 6ιὺ
795 4188 860 4250 τοῦ.
880 4207 895 4250 ε
916 4180 1054 4269 γραφὴν
1075 4183 1248 4270 βήσετο,

136 4288 225 4374 πλην
243 4282 286 4354 οὑ
301 4290 531 4374 μετατίθησιν,
547 4282 633 4353 άλλά
650 4283 707 4352 6ιὺ
722 4289 785 4352 τοῦ
802 4311 823 4351 α
841 4284 964 4370 γράφει
972 4281 1194 4371 Ἀρίσταρχος.
1209 4288 1248 4354 Β.
