<?xml version="1.0" encoding="UTF-8"?>
<!DOCTYPE html PUBLIC "-//W3C//DTD XHTML 1.0 Transitional//EN"
    "http://www.w3.org/TR/xhtml1/DTD/xhtml1-transitional.dtd">
<html xmlns="http://www.w3.org/1999/xhtml" xml:lang="en" lang="en">
 <head>
  <title>
</title>
<meta http-equiv="Content-Type" content="text/html;charset=utf-8" />
  <meta name='ocr-system' content='tesseract 3.04.00' />
  <meta name='ocr-capabilities' content='ocr_page ocr_carea ocr_par ocr_line ocrx_word'/>
</head>
<body>
  <div class='ocr_page' id='page_1' title='image "./didymichalcente01schmgoog_0066.png"; bbox 0 0 2812 4868; ppageno 0'>
   <div class='ocr_carea' id='block_1_1' title="bbox 1140 377 1180 439">
    <p class='ocr_par' dir='ltr' id='par_1_1' title="bbox 1140 377 1180 439">
     <span class='ocr_line' id='line_1_1' title="bbox 1140 377 1180 439; baseline -0.025 0"><span class='ocrx_word' id='word_1_1' title='bbox 1140 377 1180 439; x_wconf 86' lang='grc'>47</span> 
     </span>
    </p>
   </div>
   <div class='ocr_carea' id='block_1_2' title="bbox 61 537 1183 833">
    <p class='ocr_par' dir='ltr' id='par_1_2' title="bbox 61 537 1183 833">
     <span class='ocr_line' id='line_1_2' title="bbox 61 537 1180 632; baseline 0.001 -24"><span class='ocrx_word' id='word_1_2' title='bbox 61 539 122 609; x_wconf 76' lang='grc' dir='ltr'><strong><em>δτι</em></strong></span> <span class='ocrx_word' id='word_1_3' title='bbox 155 545 262 609; x_wconf 77' lang='grc' dir='ltr'><strong><em>ἐνίοτε</em></strong></span> <span class='ocrx_word' id='word_1_4' title='bbox 292 547 445 628; x_wconf 83' lang='grc' dir='ltr'><strong><em>σημαίνει</em></strong></span> <span class='ocrx_word' id='word_1_5' title='bbox 478 543 533 609; x_wconf 85' lang='grc' dir='ltr'>καλ</span> <span class='ocrx_word' id='word_1_6' title='bbox 565 541 601 608; x_wconf 87' lang='grc' dir='ltr'>τδ</span> <span class='ocrx_word' id='word_1_7' title='bbox 632 545 832 627; x_wconf 78' lang='grc' dir='ltr'><strong><em>φροντίζειν.</em></strong></span> <span class='ocrx_word' id='word_1_8' title='bbox 877 537 1068 626; x_wconf 78' lang='grc' dir='ltr'><strong><em>Ἡρακλέων</em></strong></span> <span class='ocrx_word' id='word_1_9' title='bbox 1099 541 1180 632; x_wconf 64' lang='grc' dir='ltr'>δὲ’),</span> 
     </span>
     <span class='ocr_line' id='line_1_3' title="bbox 71 639 1183 731; baseline 0.001 -21"><span class='ocrx_word' id='word_1_10' title='bbox 71 643 372 731; x_wconf 72' lang='grc' dir='ltr'><strong><em>καταμεμψάμενος</em></strong></span> <span class='ocrx_word' id='word_1_11' title='bbox 393 643 611 730; x_wconf 77' lang='grc' dir='ltr'><strong><em>Λυκόφρονα,</em></strong></span> <span class='ocrx_word' id='word_1_12' title='bbox 635 644 740 730; x_wconf 82' lang='grc' dir='ltr'><strong><em>φησίν</em></strong></span> <span class='ocrx_word' id='word_1_13' title='bbox 760 640 845 709; x_wconf 84' lang='grc' dir='ltr'><strong><em>εἶναι</em></strong></span> <span class='ocrx_word' id='word_1_14' title='bbox 863 639 900 708; x_wconf 87' lang='grc' dir='ltr'>τδ</span> <span class='ocrx_word' id='word_1_15' title='bbox 923 644 1130 729; x_wconf 76' lang='grc' dir='ltr'><strong><em>ἐπιστρεφῶς</em></strong></span> <span class='ocrx_word' id='word_1_16' title='bbox 1151 667 1183 711; x_wconf 91' lang='grc' dir='ltr'><strong><em>τι</em></strong></span> 
     </span>
     <span class='ocr_line' id='line_1_4' title="bbox 70 742 1181 833; baseline -0.001 -21"><span class='ocrx_word' id='word_1_17' title='bbox 70 749 229 832; x_wconf 86' lang='grc' dir='ltr'><strong><em>πράττειν</em></strong></span> <span class='ocrx_word' id='word_1_18' title='bbox 247 742 269 832; x_wconf 78' lang='grc' dir='ltr'><em>ἢ</em></span> <span class='ocrx_word' id='word_1_19' title='bbox 289 749 448 833; x_wconf 80' lang='grc' dir='ltr'><strong><em>ἐνεργεῖν.</em></strong></span> <span class='ocrx_word' id='word_1_20' title='bbox 469 747 525 813; x_wconf 83' lang='grc' dir='ltr'>καλ</span> <span class='ocrx_word' id='word_1_21' title='bbox 543 743 783 832; x_wconf 77' lang='grc' dir='ltr'><strong><em>Ἀρτεμίδωρος</em></strong></span> <span class='ocrx_word' id='word_1_22' title='bbox 806 747 895 833; x_wconf 88' lang='lat' dir='ltr'>(add.</span> <span class='ocrx_word' id='word_1_23' title='bbox 910 743 961 832; x_wconf 69' lang='grc' dir='ltr'>δὲ)</span> <span class='ocrx_word' id='word_1_24' title='bbox 982 743 1019 811; x_wconf 90' lang='grc' dir='ltr'>τδ</span> <span class='ocrx_word' id='word_1_25' title='bbox 1040 751 1181 830; x_wconf 83' lang='grc' dir='ltr'><strong><em>φροντί·</em></strong></span> 
     </span>
    </p>
   </div>
   <div class='ocr_carea' id='block_1_3' title="bbox 71 915 1183 1094">
    <p class='ocr_par' dir='ltr' id='par_1_3' title="bbox 71 915 1183 1094">
     <span class='ocr_line' id='line_1_5' title="bbox 102 915 1181 1006; baseline -0.006 -12"><span class='ocrx_word' id='word_1_26' title='bbox 102 989 104 994; x_wconf 80' lang='grc'><strong>,</strong></span> <span class='ocrx_word' id='word_1_27' title='bbox 142 939 166 1005; x_wconf 93' lang='lat' dir='ltr'>l)</span> <span class='ocrx_word' id='word_1_28' title='bbox 183 940 260 990; x_wconf 85' lang='lat' dir='ltr'><strong>Idem</strong></span> <span class='ocrx_word' id='word_1_29' title='bbox 276 915 411 992; x_wconf 88' lang='lat' dir='ltr'>Heracleo</span> <span class='ocrx_word' id='word_1_30' title='bbox 431 942 470 991; x_wconf 91' lang='lat' dir='ltr'>sie</span> <span class='ocrx_word' id='word_1_31' title='bbox 485 940 602 1006; x_wconf 85' lang='lat' dir='ltr'>Didymo</span> <span class='ocrx_word' id='word_1_32' title='bbox 622 931 711 990; x_wconf 73' lang='lat' dir='ltr'>socius</span> <span class='ocrx_word' id='word_1_33' title='bbox 730 939 887 1004; x_wconf 85' lang='lat' dir='ltr'>adiungitur</span> <span class='ocrx_word' id='word_1_34' title='bbox 906 955 950 1005; x_wconf 87' lang='lat' dir='ltr'>ap.</span> <span class='ocrx_word' id='word_1_35' title='bbox 969 940 1103 1004; x_wconf 80' lang='lat' dir='ltr'>Harpocr.</span> <span class='ocrx_word' id='word_1_36' title='bbox 1124 940 1181 1002; x_wconf 82' lang='lat'>124,</span> 
     </span>
     <span class='ocr_line' id='line_1_6' title="bbox 71 1026 1183 1094; baseline 0 -17"><span class='ocrx_word' id='word_1_37' title='bbox 71 1028 103 1077; x_wconf 89' lang='grc'>17</span> <span class='ocrx_word' id='word_1_38' title='bbox 132 1027 312 1092; x_wconf 80' lang='grc' dir='ltr'><strong><em>ματρυλείων.</em></strong></span> <span class='ocrx_word' id='word_1_39' title='bbox 354 1030 459 1080; x_wconf 89' lang='lat' dir='ltr'>Tamen</span> <span class='ocrx_word' id='word_1_40' title='bbox 483 1029 630 1094; x_wconf 88' lang='lat' dir='ltr'>Didymum</span> <span class='ocrx_word' id='word_1_41' title='bbox 655 1029 684 1079; x_wconf 91' lang='lat' dir='ltr'>in</span> <span class='ocrx_word' id='word_1_42' title='bbox 704 1028 792 1078; x_wconf 79' lang='lat' dir='ltr'>lexico</span> <span class='ocrx_word' id='word_1_43' title='bbox 812 1028 915 1078; x_wconf 87' lang='lat' dir='ltr'>comico</span> <span class='ocrx_word' id='word_1_44' title='bbox 940 1027 992 1078; x_wconf 90' lang='lat' dir='ltr'>hec</span> <span class='ocrx_word' id='word_1_45' title='bbox 1014 1026 1183 1078; x_wconf 88' lang='lat' dir='ltr'>Heracleone</span> 
     </span>
    </p>
   </div>
   <div class='ocr_carea' id='block_1_4' title="bbox 70 1105 1288 1181">
    <p class='ocr_par' dir='ltr' id='par_1_4' title="bbox 70 1105 1288 1181">
     <span class='ocr_line' id='line_1_7' title="bbox 70 1105 1288 1181; baseline 0.001 -19"><span class='ocrx_word' id='word_1_46' title='bbox 70 1129 149 1162; x_wconf 86' lang='lat' dir='ltr'>usum</span> <span class='ocrx_word' id='word_1_47' title='bbox 174 1129 234 1164; x_wconf 90' lang='lat' dir='ltr'>esse</span> <span class='ocrx_word' id='word_1_48' title='bbox 259 1114 364 1166; x_wconf 85' lang='lat' dir='ltr'>diffido.</span> <span class='ocrx_word' id='word_1_49' title='bbox 400 1117 496 1181; x_wconf 86' lang='lat' dir='ltr'>Neque</span> <span class='ocrx_word' id='word_1_50' title='bbox 520 1116 591 1165; x_wconf 91' lang='lat' dir='ltr'>enim</span> <span class='ocrx_word' id='word_1_51' title='bbox 614 1115 642 1164; x_wconf 89' lang='lat' dir='ltr'>in</span> <span class='ocrx_word' id='word_1_52' title='bbox 666 1115 805 1180; x_wconf 86' lang='lat' dir='ltr'>Hesychio</span> <span class='ocrx_word' id='word_1_53' title='bbox 823 1114 852 1164; x_wconf 95' lang='lat' dir='ltr'>II</span> <span class='ocrx_word' id='word_1_54' title='bbox 873 1113 939 1166; x_wconf 78' lang='grc'><strong>13711</strong></span> <span class='ocrx_word' id='word_1_55' title='bbox 957 1105 1079 1172; x_wconf 80' lang='grc' dir='ltr'><strong><em>τευτάζει</em></strong></span> <span class='ocrx_word' id='word_1_56' title='bbox 1097 1114 1182 1164; x_wconf 85' lang='lat' dir='ltr'>Hera·</span> <span class='ocrx_word' id='word_1_57' title='bbox 1283 1125 1288 1136; x_wconf 93' lang='grc'><strong><em>·</em></strong></span> 
     </span>
    </p>
   </div>
   <div class='ocr_carea' id='block_1_5' title="bbox 30 1198 1185 2307">
    <p class='ocr_par' dir='ltr' id='par_1_5' title="bbox 69 1198 1184 1788">
     <span class='ocr_line' id='line_1_8' title="bbox 71 1198 1182 1266; baseline -0.004 -16"><span class='ocrx_word' id='word_1_58' title='bbox 71 1199 174 1250; x_wconf 89' lang='lat' dir='ltr'>eleonis</span> <span class='ocrx_word' id='word_1_59' title='bbox 193 1201 319 1252; x_wconf 79' lang='lat' dir='ltr'><strong>vocabuli</strong></span> <span class='ocrx_word' id='word_1_60' title='bbox 337 1201 528 1266; x_wconf 82' lang='lat' dir='ltr'>interpretatio</span> <span class='ocrx_word' id='word_1_61' title='bbox 542 1206 680 1266; x_wconf 82' lang='lat' dir='ltr'>comperet</span> <span class='ocrx_word' id='word_1_62' title='bbox 694 1201 811 1264; x_wconf 89' lang='lat' dir='ltr'>adiecta,</span> <span class='ocrx_word' id='word_1_63' title='bbox 830 1216 918 1266; x_wconf 90' lang='lat' dir='ltr'>neque</span> <span class='ocrx_word' id='word_1_64' title='bbox 934 1215 956 1249; x_wconf 90' lang='lat' dir='ltr'>s.</span> <span class='ocrx_word' id='word_1_65' title='bbox 972 1215 998 1250; x_wconf 88' lang='lat' dir='ltr'>v.</span> <span class='ocrx_word' id='word_1_66' title='bbox 1013 1198 1182 1264; x_wconf 70' lang='lat' dir='ltr'>porphirius</span> 
     </span>
     <span class='ocr_line' id='line_1_9' title="bbox 69 1273 1182 1355; baseline -0.002 -19"><span class='ocrx_word' id='word_1_67' title='bbox 69 1287 190 1352; x_wconf 83' lang='lat' dir='ltr'>vestigia</span> <span class='ocrx_word' id='word_1_68' title='bbox 214 1303 274 1338; x_wconf 91' lang='lat' dir='ltr'>eum</span> <span class='ocrx_word' id='word_1_69' title='bbox 299 1273 477 1338; x_wconf 86' lang='lat' dir='ltr'>Heracleonis</span> <span class='ocrx_word' id='word_1_70' title='bbox 507 1288 607 1355; x_wconf 77' lang='lat' dir='ltr'>legisse</span> <span class='ocrx_word' id='word_1_71' title='bbox 637 1303 669 1338; x_wconf 89' lang='lat' dir='ltr'>ex</span> <span class='ocrx_word' id='word_1_72' title='bbox 692 1287 831 1353; x_wconf 82' lang='lat' dir='ltr'>Hesychio</span> <span class='ocrx_word' id='word_1_73' title='bbox 859 1287 915 1337; x_wconf 89' lang='lat' dir='ltr'>ulla</span> <span class='ocrx_word' id='word_1_74' title='bbox 945 1291 1003 1336; x_wconf 87' lang='lat' dir='ltr'>arte</span> <span class='ocrx_word' id='word_1_75' title='bbox 1026 1283 1182 1335; x_wconf 84' lang='lat' dir='ltr'>concludas.</span> 
     </span>
     <span class='ocr_line' id='line_1_10' title="bbox 69 1372 1184 1441; baseline -0.002 -17"><span class='ocrx_word' id='word_1_76' title='bbox 69 1375 168 1439; x_wconf 85' lang='lat' dir='ltr'>Itaque</span> <span class='ocrx_word' id='word_1_77' title='bbox 194 1389 255 1424; x_wconf 87' lang='lat' dir='ltr'>eum</span> <span class='ocrx_word' id='word_1_78' title='bbox 277 1375 305 1424; x_wconf 89' lang='lat' dir='ltr'>in</span> <span class='ocrx_word' id='word_1_79' title='bbox 329 1376 467 1441; x_wconf 79' lang='lat' dir='ltr'>Hesychia</span> <span class='ocrx_word' id='word_1_80' title='bbox 492 1375 565 1426; x_wconf 85' lang='lat' dir='ltr'>haud</span> <span class='ocrx_word' id='word_1_81' title='bbox 592 1391 653 1426; x_wconf 84' lang='lat' dir='ltr'>raro</span> <span class='ocrx_word' id='word_1_82' title='bbox 676 1373 855 1426; x_wconf 86' lang='lat' dir='ltr'>Heracleonis</span> <span class='ocrx_word' id='word_1_83' title='bbox 880 1374 981 1424; x_wconf 89' lang='lat' dir='ltr'>mentio</span> <span class='ocrx_word' id='word_1_84' title='bbox 1004 1372 1132 1422; x_wconf 83' lang='lat' dir='ltr'>inleiatur</span> <span class='ocrx_word' id='word_1_85' title='bbox 1149 1399 1184 1408; x_wconf 86' lang='lat'>--</span> 
     </span>
     <span class='ocr_line' id='line_1_11' title="bbox 70 1447 1184 1528; baseline -0.002 -18"><span class='ocrx_word' id='word_1_86' title='bbox 70 1461 190 1526; x_wconf 89' lang='lat' dir='ltr'>quinque</span> <span class='ocrx_word' id='word_1_87' title='bbox 207 1462 279 1512; x_wconf 89' lang='lat' dir='ltr'>enim</span> <span class='ocrx_word' id='word_1_88' title='bbox 296 1463 325 1512; x_wconf 87' lang='lat' dir='ltr'>in</span> <span class='ocrx_word' id='word_1_89' title='bbox 342 1461 410 1514; x_wconf 87' lang='lat' dir='ltr'>loeis</span> <span class='ocrx_word' id='word_1_90' title='bbox 428 1478 526 1513; x_wconf 86' lang='lat' dir='ltr'>nemen</span> <span class='ocrx_word' id='word_1_91' title='bbox 545 1463 680 1514; x_wconf 85' lang='lat' dir='ltr'>adiectum</span> <span class='ocrx_word' id='word_1_92' title='bbox 698 1461 799 1528; x_wconf 86' lang='lat' dir='ltr'>legitur</span> <span class='ocrx_word' id='word_1_93' title='bbox 816 1460 830 1510; x_wconf 98' lang='lat' dir='ltr'>I</span> <span class='ocrx_word' id='word_1_94' title='bbox 848 1460 900 1511; x_wconf 93' lang='grc'><strong>824</strong></span> <span class='ocrx_word' id='word_1_95' title='bbox 917 1457 1035 1525; x_wconf 79' lang='grc' dir='ltr'><strong><em>χεφνρίς</em></strong></span> <span class='ocrx_word' id='word_1_96' title='bbox 1062 1457 1120 1524; x_wconf 83' lang='lat' dir='ltr'>(ubi</span> <span class='ocrx_word' id='word_1_97' title='bbox 1137 1447 1184 1508; x_wconf 81' lang='grc' dir='ltr'>άλ-</span> 
     </span>
     <span class='ocr_line' id='line_1_12' title="bbox 70 1537 1184 1615; baseline -0.002 -19"><span class='ocrx_word' id='word_1_98' title='bbox 70 1547 114 1597; x_wconf 92' lang='grc' dir='ltr'><strong><em>λοι</em></strong></span> <span class='ocrx_word' id='word_1_99' title='bbox 127 1546 315 1614; x_wconf 86' lang='lat' dir='ltr'>opponnntur)</span> <span class='ocrx_word' id='word_1_100' title='bbox 335 1549 446 1600; x_wconf 78' lang='lat'><strong>111352</strong></span> <span class='ocrx_word' id='word_1_101' title='bbox 461 1541 644 1615; x_wconf 79' lang='grc' dir='ltr'><strong><em>τανληρόνΙῙ</em></strong></span> <span class='ocrx_word' id='word_1_102' title='bbox 657 1549 725 1601; x_wconf 88' lang='grc'><strong>1356</strong></span> <span class='ocrx_word' id='word_1_103' title='bbox 742 1538 894 1612; x_wconf 78' lang='grc' dir='ltr'><strong><em>τεθήσεται</em></strong></span> <span class='ocrx_word' id='word_1_104' title='bbox 911 1545 1022 1598; x_wconf 79' lang='lat'>111385</span> <span class='ocrx_word' id='word_1_105' title='bbox 1038 1537 1184 1614; x_wconf 77' lang='grc' dir='ltr'><strong><em>τιγχαβάρι</em></strong></span> 
     </span>
     <span class='ocr_line' id='line_1_13' title="bbox 69 1630 1184 1701; baseline -0.002 -17"><span class='ocrx_word' id='word_1_106' title='bbox 69 1634 181 1687; x_wconf 79' lang='lat'>111423</span> <span class='ocrx_word' id='word_1_107' title='bbox 199 1630 352 1701; x_wconf 80' lang='grc' dir='ltr'><strong><em>τριχδάδες</em></strong></span> <span class='ocrx_word' id='word_1_108' title='bbox 370 1633 429 1700; x_wconf 90' lang='lat' dir='ltr'>(ubi</span> <span class='ocrx_word' id='word_1_109' title='bbox 447 1637 506 1701; x_wconf 91' lang='lat' dir='ltr'>ipse</span> <span class='ocrx_word' id='word_1_110' title='bbox 523 1636 636 1688; x_wconf 87' lang='lat' dir='ltr'>alterius</span> <span class='ocrx_word' id='word_1_111' title='bbox 655 1635 819 1686; x_wconf 87' lang='lat' dir='ltr'>sententiam</span> <span class='ocrx_word' id='word_1_112' title='bbox 833 1633 947 1700; x_wconf 77' lang='lat' dir='ltr'>refutat)</span> <span class='ocrx_word' id='word_1_113' title='bbox 961 1661 995 1670; x_wconf 93' lang='lat'><em>-</em></span> <span class='ocrx_word' id='word_1_114' title='bbox 1012 1639 1039 1684; x_wconf 92' lang='lat' dir='ltr'>et</span> <span class='ocrx_word' id='word_1_115' title='bbox 1052 1632 1184 1700; x_wconf 89' lang='lat' dir='ltr'>quidquid</span> 
     </span>
     <span class='ocr_line' id='line_1_14' title="bbox 70 1718 1184 1788; baseline -0.002 -17"><span class='ocrx_word' id='word_1_116' title='bbox 70 1721 142 1786; x_wconf 88' lang='lat' dir='ltr'>apud</span> <span class='ocrx_word' id='word_1_117' title='bbox 164 1720 334 1772; x_wconf 79' lang='lat' dir='ltr'>Athenaeum</span> <span class='ocrx_word' id='word_1_118' title='bbox 361 1738 394 1772; x_wconf 88' lang='lat' dir='ltr'>ex</span> <span class='ocrx_word' id='word_1_119' title='bbox 418 1722 596 1772; x_wconf 89' lang='lat' dir='ltr'>Heracleonis</span> <span class='ocrx_word' id='word_1_120' title='bbox 624 1722 736 1788; x_wconf 79' lang='lat' dir='ltr'>Ephesii</span> <span class='ocrx_word' id='word_1_121' title='bbox 753 1721 852 1788; x_wconf 76' lang='lat' dir='ltr'>glossis</span> <span class='ocrx_word' id='word_1_122' title='bbox 869 1718 982 1787; x_wconf 86' lang='lat' dir='ltr'>legitur,</span> <span class='ocrx_word' id='word_1_123' title='bbox 1006 1720 1079 1786; x_wconf 86' lang='lat' dir='ltr'>apud</span> <span class='ocrx_word' id='word_1_124' title='bbox 1097 1721 1184 1786; x_wconf 79' lang='lat' dir='ltr'>Hesy-</span> 
     </span>
    </p>

    <p class='ocr_par' dir='ltr' id='par_1_6' title="bbox 30 1807 1185 2307">
     <span class='ocr_line' id='line_1_15' title="bbox 71 1807 1184 1875; baseline 0.001 -19"><span class='ocrx_word' id='word_1_125' title='bbox 71 1807 160 1856; x_wconf 92' lang='lat' dir='ltr'>chium</span> <span class='ocrx_word' id='word_1_126' title='bbox 178 1823 285 1873; x_wconf 87' lang='lat' dir='ltr'>qnoque</span> <span class='ocrx_word' id='word_1_127' title='bbox 305 1809 489 1875; x_wconf 87' lang='lat' dir='ltr'>conspiciatur</span> <span class='ocrx_word' id='word_1_128' title='bbox 508 1807 574 1874; x_wconf 87' lang='lat' dir='ltr'>(vid.</span> <span class='ocrx_word' id='word_1_129' title='bbox 593 1809 625 1859; x_wconf 87' lang='lat' dir='ltr'>F.</span> <span class='ocrx_word' id='word_1_130' title='bbox 645 1809 734 1860; x_wconf 86' lang='lat' dir='ltr'>Rank.</span> <span class='ocrx_word' id='word_1_131' title='bbox 751 1807 769 1859; x_wconf 93' lang='lat' dir='ltr'>l.</span> <span class='ocrx_word' id='word_1_132' title='bbox 789 1824 813 1859; x_wconf 92' lang='lat' dir='ltr'>e.</span> <span class='ocrx_word' id='word_1_133' title='bbox 832 1825 857 1874; x_wconf 92' lang='lat' dir='ltr'>p.</span> <span class='ocrx_word' id='word_1_134' title='bbox 880 1809 926 1858; x_wconf 94' lang='lat' dir='ltr'>lll</span> <span class='ocrx_word' id='word_1_135' title='bbox 948 1808 1017 1874; x_wconf 89' lang='lat' dir='ltr'>sq.),</span> <span class='ocrx_word' id='word_1_136' title='bbox 1037 1813 1111 1859; x_wconf 90' lang='lat' dir='ltr'>certe</span> <span class='ocrx_word' id='word_1_137' title='bbox 1129 1823 1184 1857; x_wconf 90' lang='lat' dir='ltr'>non</span> 
     </span>
     <span class='ocr_line' id='line_1_16' title="bbox 30 1875 1184 1970; baseline 0.001 -27"><span class='ocrx_word' id='word_1_138' title='bbox 30 1875 37 1892; x_wconf 60' lang='lat'><em>¹</em></span> <span class='ocrx_word' id='word_1_139' title='bbox 68 1895 206 1970; x_wconf 80' lang='lat' dir='ltr'>integrum</span> <span class='ocrx_word' id='word_1_140' title='bbox 226 1895 343 1960; x_wconf 87' lang='lat' dir='ltr'>videtur,</span> <span class='ocrx_word' id='word_1_141' title='bbox 358 1900 390 1946; x_wconf 90' lang='lat' dir='ltr'>ut</span> <span class='ocrx_word' id='word_1_142' title='bbox 409 1910 574 1961; x_wconf 84' lang='lat' dir='ltr'>aequoque,</span> <span class='ocrx_word' id='word_1_143' title='bbox 594 1909 664 1959; x_wconf 83' lang='lat' dir='ltr'>quae</span> <span class='ocrx_word' id='word_1_144' title='bbox 681 1893 778 1944; x_wconf 90' lang='lat' dir='ltr'>Photio</span> <span class='ocrx_word' id='word_1_145' title='bbox 798 1899 825 1943; x_wconf 89' lang='lat' dir='ltr'>et</span> <span class='ocrx_word' id='word_1_146' title='bbox 837 1878 1055 1959; x_wconf 86' lang='lat' dir='ltr'>Harpocratione</span> <span class='ocrx_word' id='word_1_147' title='bbox 1067 1896 1184 1945; x_wconf 90' lang='lat' dir='ltr'>testibus</span> 
     </span>
     <span class='ocr_line' id='line_1_17' title="bbox 70 1971 1184 2047; baseline -0.001 -15"><span class='ocrx_word' id='word_1_148' title='bbox 70 1981 205 2032; x_wconf 87' lang='lat' dir='ltr'>Heracleo</span> <span class='ocrx_word' id='word_1_149' title='bbox 228 1981 327 2047; x_wconf 87' lang='lat' dir='ltr'>aliquis</span> <span class='ocrx_word' id='word_1_150' title='bbox 353 1983 386 2032; x_wconf 90' lang='lat' dir='ltr'>de</span> <span class='ocrx_word' id='word_1_151' title='bbox 409 1997 455 2033; x_wconf 87' lang='lat' dir='ltr'>vv.</span> <span class='ocrx_word' id='word_1_152' title='bbox 478 1971 619 2039; x_wconf 79' lang='grc' dir='ltr'><strong><em>τευτάζειν</em></strong></span> <span class='ocrx_word' id='word_1_153' title='bbox 642 1985 669 2030; x_wconf 89' lang='lat' dir='ltr'>et</span> <span class='ocrx_word' id='word_1_154' title='bbox 684 1980 853 2044; x_wconf 81' lang='grc' dir='ltr'><strong><em>ματρυλεῖον</em></strong></span> <span class='ocrx_word' id='word_1_155' title='bbox 872 1987 1070 2033; x_wconf 87' lang='lat' dir='ltr'>commentatus</span> <span class='ocrx_word' id='word_1_156' title='bbox 1088 1986 1130 2033; x_wconf 92' lang='lat' dir='ltr'>est</span> <span class='ocrx_word' id='word_1_157' title='bbox 1149 1982 1184 2032; x_wconf 81' lang='lat' dir='ltr'>nd</span> 
     </span>
     <span class='ocr_line' id='line_1_18' title="bbox 70 2061 1184 2135; baseline -0.001 -16"><span class='ocrx_word' id='word_1_158' title='bbox 70 2069 183 2133; x_wconf 81' lang='lat' dir='ltr'>Ephesii</span> <span class='ocrx_word' id='word_1_159' title='bbox 208 2061 302 2129; x_wconf 69' lang='grc' dir='ltr'><strong><em>λε’ξεις,</em></strong></span> <span class='ocrx_word' id='word_1_160' title='bbox 318 2068 484 2132; x_wconf 84' lang='lat' dir='ltr'>referamus,</span> <span class='ocrx_word' id='word_1_161' title='bbox 510 2079 673 2132; x_wconf 86' lang='lat' dir='ltr'>quamquam</span> <span class='ocrx_word' id='word_1_162' title='bbox 691 2081 724 2116; x_wconf 84' lang='lat' dir='ltr'>ea</span> <span class='ocrx_word' id='word_1_163' title='bbox 742 2067 776 2118; x_wconf 84' lang='lat' dir='ltr'>ab</span> <span class='ocrx_word' id='word_1_164' title='bbox 792 2068 929 2134; x_wconf 79' lang='lat' dir='ltr'>Aegyptio</span> <span class='ocrx_word' id='word_1_165' title='bbox 947 2071 1106 2135; x_wconf 77' lang='lat' dir='ltr'>cognomine</span> <span class='ocrx_word' id='word_1_166' title='bbox 1124 2083 1184 2133; x_wconf 87' lang='lat' dir='ltr'>pro-</span> 
     </span>
     <span class='ocr_line' id='line_1_19' title="bbox 71 2153 1185 2220; baseline 0.004 -18"><span class='ocrx_word' id='word_1_167' title='bbox 71 2154 143 2206; x_wconf 84' lang='lat' dir='ltr'>secta</span> <span class='ocrx_word' id='word_1_168' title='bbox 166 2170 227 2204; x_wconf 88' lang='lat' dir='ltr'>esse</span> <span class='ocrx_word' id='word_1_169' title='bbox 249 2170 304 2204; x_wconf 89' lang='lat' dir='ltr'>non</span> <span class='ocrx_word' id='word_1_170' title='bbox 323 2154 445 2206; x_wconf 84' lang='lat' dir='ltr'>dixerim.</span> <span class='ocrx_word' id='word_1_171' title='bbox 481 2153 662 2204; x_wconf 79' lang='lat' dir='ltr'>verisimilius</span> <span class='ocrx_word' id='word_1_172' title='bbox 683 2158 726 2204; x_wconf 87' lang='lat' dir='ltr'>est</span> <span class='ocrx_word' id='word_1_173' title='bbox 743 2159 887 2220; x_wconf 88' lang='lat' dir='ltr'>utramque</span> <span class='ocrx_word' id='word_1_174' title='bbox 903 2157 1067 2207; x_wconf 86' lang='lat' dir='ltr'>sententiam</span> <span class='ocrx_word' id='word_1_175' title='bbox 1084 2157 1112 2206; x_wconf 90' lang='lat' dir='ltr'>in</span> <span class='ocrx_word' id='word_1_176' title='bbox 1131 2157 1185 2206; x_wconf 89' lang='lat' dir='ltr'>sin-</span> 
     </span>
     <span class='ocr_line' id='line_1_20' title="bbox 70 2238 1183 2307; baseline 0.004 -19"><span class='ocrx_word' id='word_1_177' title='bbox 70 2240 210 2305; x_wconf 84' lang='lat' dir='ltr'>gularibus</span> <span class='ocrx_word' id='word_1_178' title='bbox 235 2240 397 2305; x_wconf 89' lang='lat' dir='ltr'>quibusdam</span> <span class='ocrx_word' id='word_1_179' title='bbox 418 2239 596 2290; x_wconf 90' lang='lat' dir='ltr'>Heracleonis</span> <span class='ocrx_word' id='word_1_180' title='bbox 620 2238 732 2304; x_wconf 83' lang='lat' dir='ltr'>Ephesii</span> <span class='ocrx_word' id='word_1_181' title='bbox 759 2240 836 2292; x_wconf 90' lang='lat' dir='ltr'>libris</span> <span class='ocrx_word' id='word_1_182' title='bbox 860 2243 1011 2307; x_wconf 80' lang='lat' dir='ltr'>expositam</span> <span class='ocrx_word' id='word_1_183' title='bbox 1031 2244 1126 2294; x_wconf 81' lang='lat' dir='ltr'>luisse.</span> <span class='ocrx_word' id='word_1_184' title='bbox 1150 2269 1183 2280; x_wconf 91' lang='lat'>·—</span> 
     </span>
    </p>
   </div>
   <div class='ocr_carea' id='block_1_6' title="bbox 70 2323 1185 2481">
    <p class='ocr_par' dir='ltr' id='par_1_7' title="bbox 70 2323 1185 2481">
     <span class='ocr_line' id='line_1_21' title="bbox 70 2323 1184 2397; baseline 0.003 -21"><span class='ocrx_word' id='word_1_185' title='bbox 70 2327 196 2377; x_wconf 81' lang='lat' dir='ltr'>Ceterum</span> <span class='ocrx_word' id='word_1_186' title='bbox 215 2327 248 2377; x_wconf 91' lang='lat' dir='ltr'>de</span> <span class='ocrx_word' id='word_1_187' title='bbox 263 2328 300 2397; x_wconf 92' lang='grc' dir='ltr'>Η.</span> <span class='ocrx_word' id='word_1_188' title='bbox 319 2325 455 2392; x_wconf 79' lang='lat' dir='ltr'>Aegyptio</span> <span class='ocrx_word' id='word_1_189' title='bbox 475 2326 532 2374; x_wconf 86' lang='lat' dir='ltr'>sive</span> <span class='ocrx_word' id='word_1_190' title='bbox 551 2323 699 2388; x_wconf 85' lang='lat' dir='ltr'>Tilotensi,</span> <span class='ocrx_word' id='word_1_191' title='bbox 720 2326 809 2392; x_wconf 89' lang='lat' dir='ltr'>quode</span> <span class='ocrx_word' id='word_1_192' title='bbox 827 2327 966 2392; x_wconf 86' lang='lat' dir='ltr'>complura</span> <span class='ocrx_word' id='word_1_193' title='bbox 983 2334 1121 2396; x_wconf 87' lang='lat' dir='ltr'>comperta</span> <span class='ocrx_word' id='word_1_194' title='bbox 1138 2329 1184 2379; x_wconf 91' lang='lat' dir='ltr'>ha-</span> 
     </span>
     <span class='ocr_line' id='line_1_22' title="bbox 70 2411 1185 2481; baseline 0.002 -19"><span class='ocrx_word' id='word_1_195' title='bbox 70 2412 173 2476; x_wconf 90' lang='lat' dir='ltr'>bemus,</span> <span class='ocrx_word' id='word_1_196' title='bbox 193 2413 229 2464; x_wconf 87' lang='lat' dir='ltr'>ef.</span> <span class='ocrx_word' id='word_1_197' title='bbox 248 2413 353 2478; x_wconf 81' lang='lat' dir='ltr'>Spitzn.</span> <span class='ocrx_word' id='word_1_198' title='bbox 372 2412 408 2462; x_wconf 87' lang='lat' dir='ltr'>ad</span> <span class='ocrx_word' id='word_1_199' title='bbox 425 2411 459 2462; x_wconf 93' lang='lat' dir='ltr'>Il.</span> <span class='ocrx_word' id='word_1_200' title='bbox 473 2411 539 2461; x_wconf 89' lang='lat' dir='ltr'>XVI</span> <span class='ocrx_word' id='word_1_201' title='bbox 556 2412 617 2462; x_wconf 88' lang='grc'><strong>228.</strong></span> <span class='ocrx_word' id='word_1_202' title='bbox 638 2411 723 2462; x_wconf 89' lang='lat' dir='ltr'>Meier</span> <span class='ocrx_word' id='word_1_203' title='bbox 738 2429 834 2465; x_wconf 90' lang='lat' dir='ltr'>comm.</span> <span class='ocrx_word' id='word_1_204' title='bbox 853 2414 973 2467; x_wconf 82' lang='lat' dir='ltr'>Andocc.</span> <span class='ocrx_word' id='word_1_205' title='bbox 993 2417 1032 2467; x_wconf 88' lang='lat' dir='ltr'>VI</span> <span class='ocrx_word' id='word_1_206' title='bbox 1050 2417 1066 2466; x_wconf 89' lang='lat'>2</span> <span class='ocrx_word' id='word_1_207' title='bbox 1084 2433 1111 2481; x_wconf 89' lang='lat' dir='ltr'>p.</span> <span class='ocrx_word' id='word_1_208' title='bbox 1130 2413 1185 2465; x_wconf 89' lang='lat' dir='ltr'>XII</span> 
     </span>
    </p>
   </div>
   <div class='ocr_carea' id='block_1_7' title="bbox 72 2490 1277 2566">
    <p class='ocr_par' dir='ltr' id='par_1_8' title="bbox 72 2490 1277 2566">
     <span class='ocr_line' id='line_1_23' title="bbox 72 2490 1277 2566; baseline 0.001 -18"><span class='ocrx_word' id='word_1_209' title='bbox 72 2498 141 2548; x_wconf 85' lang='lat' dir='ltr'>XIII</span> <span class='ocrx_word' id='word_1_210' title='bbox 159 2504 217 2549; x_wconf 88' lang='lat' dir='ltr'>not.</span> <span class='ocrx_word' id='word_1_211' title='bbox 234 2499 293 2563; x_wconf 85' lang='lat'>100,</span> <span class='ocrx_word' id='word_1_212' title='bbox 314 2516 330 2550; x_wconf 86' lang='lat' dir='ltr'>a</span> <span class='ocrx_word' id='word_1_213' title='bbox 347 2515 400 2564; x_wconf 92' lang='lat' dir='ltr'>quo</span> <span class='ocrx_word' id='word_1_214' title='bbox 416 2498 519 2548; x_wconf 90' lang='lat' dir='ltr'>omissa</span> <span class='ocrx_word' id='word_1_215' title='bbox 536 2499 693 2549; x_wconf 87' lang='lat' dir='ltr'>testimonia</span> <span class='ocrx_word' id='word_1_216' title='bbox 709 2504 833 2550; x_wconf 85' lang='lat' dir='ltr'>veterum</span> <span class='ocrx_word' id='word_1_217' title='bbox 851 2501 921 2551; x_wconf 89' lang='lat' dir='ltr'>adde</span> <span class='ocrx_word' id='word_1_218' title='bbox 937 2503 974 2552; x_wconf 88' lang='lat' dir='ltr'>sis</span> <span class='ocrx_word' id='word_1_219' title='bbox 988 2502 1069 2552; x_wconf 86' lang='lat' dir='ltr'>haee:</span> <span class='ocrx_word' id='word_1_220' title='bbox 1090 2499 1183 2566; x_wconf 82' lang='lat' dir='ltr'>Steph.</span> <span class='ocrx_word' id='word_1_221' title='bbox 1274 2490 1277 2496; x_wconf 62' lang='grc'>’</span> 
     </span>
    </p>
   </div>
   <div class='ocr_carea' id='block_1_8' title="bbox 19 2575 1188 4384">
    <p class='ocr_par' dir='ltr' id='par_1_9' title="bbox 19 2575 1188 4384">
     <span class='ocr_line' id='line_1_24' title="bbox 56 2575 1185 2658; baseline 0.004 -26"><span class='ocrx_word' id='word_1_222' title='bbox 56 2584 139 2658; x_wconf 47' lang='grc' dir='ltr'>ἱΒμτ.</span> <span class='ocrx_word' id='word_1_223' title='bbox 160 2575 203 2648; x_wconf 92' lang='grc'>11,</span> <span class='ocrx_word' id='word_1_224' title='bbox 225 2586 269 2637; x_wconf 89' lang='grc'>34.</span> <span class='ocrx_word' id='word_1_225' title='bbox 287 2588 330 2649; x_wconf 86' lang='grc'>75,</span> <span class='ocrx_word' id='word_1_226' title='bbox 351 2583 394 2635; x_wconf 86' lang='grc'>24.</span> <span class='ocrx_word' id='word_1_227' title='bbox 414 2586 472 2647; x_wconf 94' lang='grc'><strong>171,</strong></span> <span class='ocrx_word' id='word_1_228' title='bbox 492 2587 517 2634; x_wconf 86' lang='grc'>4.</span> <span class='ocrx_word' id='word_1_229' title='bbox 538 2585 580 2647; x_wconf 91' lang='grc'><strong>52,</strong></span> <span class='ocrx_word' id='word_1_230' title='bbox 600 2584 643 2636; x_wconf 88' lang='grc'>36.</span> <span class='ocrx_word' id='word_1_231' title='bbox 669 2586 760 2637; x_wconf 81' lang='lat' dir='ltr'>Schel.</span> <span class='ocrx_word' id='word_1_232' title='bbox 779 2587 869 2652; x_wconf 88' lang='lat' dir='ltr'>Apoll.</span> <span class='ocrx_word' id='word_1_233' title='bbox 888 2588 1084 2640; x_wconf 76' lang='lat'><strong>176911137</strong></span> <span class='ocrx_word' id='word_1_234' title='bbox 1104 2587 1185 2652; x_wconf 89' lang='lat' dir='ltr'>(unde</span> 
     </span>
     <span class='ocr_line' id='line_1_25' title="bbox 72 2669 1187 2738; baseline 0.002 -18"><span class='ocrx_word' id='word_1_235' title='bbox 72 2669 336 2724; x_wconf 79' lang='lat' dir='ltr'>Antiatistareheum</span> <span class='ocrx_word' id='word_1_236' title='bbox 354 2671 588 2737; x_wconf 82' lang='lat' dir='ltr'>deprehendimus)</span> <span class='ocrx_word' id='word_1_237' title='bbox 609 2677 646 2723; x_wconf 94' lang='lat' dir='ltr'>et.</span> <span class='ocrx_word' id='word_1_238' title='bbox 665 2689 701 2724; x_wconf 87' lang='lat' dir='ltr'>m.</span> <span class='ocrx_word' id='word_1_239' title='bbox 718 2675 778 2737; x_wconf 83' lang='lat'>421,</span> <span class='ocrx_word' id='word_1_240' title='bbox 795 2673 842 2738; x_wconf 90' lang='grc'><strong>53,</strong></span> <span class='ocrx_word' id='word_1_241' title='bbox 862 2675 910 2728; x_wconf 91' lang='lat' dir='ltr'>ubi</span> <span class='ocrx_word' id='word_1_242' title='bbox 929 2676 1074 2726; x_wconf 88' lang='lat' dir='ltr'>lectionem</span> <span class='ocrx_word' id='word_1_243' title='bbox 1093 2673 1187 2737; x_wconf 87' lang='lat' dir='ltr'>depra-</span> 
     </span>
     <span class='ocr_line' id='line_1_26' title="bbox 73 2749 1187 2826; baseline 0.003 -23"><span class='ocrx_word' id='word_1_244' title='bbox 73 2757 241 2808; x_wconf 84' lang='lat' dir='ltr'>ratissimam</span> <span class='ocrx_word' id='word_1_245' title='bbox 253 2749 412 2824; x_wconf 87' lang='grc' dir='ltr'><strong><em>Ἡρακλέων</em></strong></span> <span class='ocrx_word' id='word_1_246' title='bbox 438 2749 561 2814; x_wconf 76' lang='grc' dir='ltr'><strong><em>ἐνοδίοις</em></strong></span> <span class='ocrx_word' id='word_1_247' title='bbox 587 2755 633 2822; x_wconf 84' lang='lat' dir='ltr'>(ei.</span> <span class='ocrx_word' id='word_1_248' title='bbox 652 2764 688 2809; x_wconf 91' lang='lat' dir='ltr'>et.</span> <span class='ocrx_word' id='word_1_249' title='bbox 709 2761 779 2812; x_wconf 78' lang='lat' dir='ltr'>(lud.</span> <span class='ocrx_word' id='word_1_250' title='bbox 797 2760 863 2825; x_wconf 87' lang='grc'><strong>334,</strong></span> <span class='ocrx_word' id='word_1_251' title='bbox 889 2763 920 2812; x_wconf 93' lang='grc'><strong>12</strong></span> <span class='ocrx_word' id='word_1_252' title='bbox 947 2751 1128 2826; x_wconf 75' lang='grc' dir='ltr'><strong><em>Ἀνδρονίκου</em></strong></span> <span class='ocrx_word' id='word_1_253' title='bbox 1147 2751 1187 2816; x_wconf 81' lang='grc' dir='ltr'>είς</span> 
     </span>
     <span class='ocr_line' id='line_1_27' title="bbox 74 2833 1186 2920; baseline 0.004 -32"><span class='ocrx_word' id='word_1_254' title='bbox 74 2833 104 2890; x_wconf 85' lang='grc' dir='ltr'>τὸ</span> <span class='ocrx_word' id='word_1_255' title='bbox 126 2835 177 2901; x_wconf 86' lang='grc' dir='ltr'><strong><em>δός</em></strong></span> <span class='ocrx_word' id='word_1_256' title='bbox 191 2845 238 2894; x_wconf 92' lang='lat' dir='ltr'>ubi</span> <span class='ocrx_word' id='word_1_257' title='bbox 253 2845 385 2897; x_wconf 87' lang='lat' dir='ltr'>Beccard.</span> <span class='ocrx_word' id='word_1_258' title='bbox 404 2846 423 2895; x_wconf 92' lang='lat' dir='ltr'>l.</span> <span class='ocrx_word' id='word_1_259' title='bbox 442 2845 462 2896; x_wconf 89' lang='lat'>1.</span> <span class='ocrx_word' id='word_1_260' title='bbox 481 2861 508 2910; x_wconf 90' lang='lat' dir='ltr'>p.</span> <span class='ocrx_word' id='word_1_261' title='bbox 527 2846 559 2895; x_wconf 95' lang='grc'><strong>21</strong></span> <span class='ocrx_word' id='word_1_262' title='bbox 579 2845 647 2912; x_wconf 82' lang='lat' dir='ltr'>legit</span> <span class='ocrx_word' id='word_1_263' title='bbox 662 2835 851 2912; x_wconf 85' lang='grc' dir='ltr'><strong><em>Ἀριστονίκου</em></strong></span> <span class='ocrx_word' id='word_1_264' title='bbox 870 2841 910 2906; x_wconf 77' lang='grc' dir='ltr'>εἰς</span> <span class='ocrx_word' id='word_1_265' title='bbox 927 2839 959 2897; x_wconf 80' lang='grc' dir='ltr'>τὰ</span> <span class='ocrx_word' id='word_1_266' title='bbox 982 2847 1006 2912; x_wconf 75' lang='grc' dir='ltr'><strong><em>φ</em></strong></span> <span class='ocrx_word' id='word_1_267' title='bbox 1025 2836 1186 2920; x_wconf 57' lang='grc' dir='ltr'><strong><em>ὀδυσσείας,</em></strong></span> 
     </span>
     <span class='ocr_line' id='line_1_28' title="bbox 73 2923 1186 2998; baseline 0.001 -17"><span class='ocrx_word' id='word_1_268' title='bbox 73 2930 115 2981; x_wconf 90' lang='lat' dir='ltr'>W.</span> <span class='ocrx_word' id='word_1_269' title='bbox 126 2931 259 2982; x_wconf 85' lang='lat' dir='ltr'>Ribbeck.</span> <span class='ocrx_word' id='word_1_270' title='bbox 279 2932 349 2983; x_wconf 87' lang='lat' dir='ltr'>male</span> <span class='ocrx_word' id='word_1_271' title='bbox 368 2933 401 2983; x_wconf 91' lang='lat' dir='ltr'>de</span> <span class='ocrx_word' id='word_1_272' title='bbox 418 2932 521 2983; x_wconf 89' lang='lat' dir='ltr'>Zenod.</span> <span class='ocrx_word' id='word_1_273' title='bbox 542 2949 569 2998; x_wconf 88' lang='lat' dir='ltr'>p.</span> <span class='ocrx_word' id='word_1_274' title='bbox 589 2932 614 2984; x_wconf 88' lang='grc'>8.</span> <span class='ocrx_word' id='word_1_275' title='bbox 635 2933 697 2983; x_wconf 91' lang='lat' dir='ltr'>coll.</span> <span class='ocrx_word' id='word_1_276' title='bbox 715 2934 779 2985; x_wconf 80' lang='lat' dir='ltr'>Ath.</span> <span class='ocrx_word' id='word_1_277' title='bbox 798 2936 890 2987; x_wconf 82' lang='grc'><strong>5841).</strong></span> <span class='ocrx_word' id='word_1_278' title='bbox 910 2928 950 2992; x_wconf 85' lang='grc' dir='ltr'>είς</span> <span class='ocrx_word' id='word_1_279' title='bbox 965 2925 1032 2992; x_wconf 76' lang='grc' dir='ltr'><strong><em>τούς</em></strong></span> <span class='ocrx_word' id='word_1_280' title='bbox 1046 2923 1186 2998; x_wconf 81' lang='grc' dir='ltr'><strong><em>Ἀνδρονί·</em></strong></span> 
     </span>
     <span class='ocr_line' id='line_1_29' title="bbox 72 3006 1187 3094; baseline 0.003 -29"><span class='ocrx_word' id='word_1_281' title='bbox 72 3030 124 3094; x_wconf 82' lang='grc' dir='ltr'>κου</span> <span class='ocrx_word' id='word_1_282' title='bbox 152 3006 315 3085; x_wconf 75' lang='grc' dir='ltr'><strong><em>ἐπιγόνους)</em></strong></span> <span class='ocrx_word' id='word_1_283' title='bbox 338 3023 512 3084; x_wconf 89' lang='lat' dir='ltr'>persanatum</span> <span class='ocrx_word' id='word_1_284' title='bbox 531 3034 577 3070; x_wconf 91' lang='lat' dir='ltr'>eas</span> <span class='ocrx_word' id='word_1_285' title='bbox 597 3019 636 3070; x_wconf 88' lang='lat' dir='ltr'>sic</span> <span class='ocrx_word' id='word_1_286' title='bbox 653 3036 757 3070; x_wconf 91' lang='lat' dir='ltr'>mecum</span> <span class='ocrx_word' id='word_1_287' title='bbox 777 3022 958 3073; x_wconf 89' lang='lat' dir='ltr'>emendando:</span> <span class='ocrx_word' id='word_1_288' title='bbox 977 3011 1137 3087; x_wconf 76' lang='grc' dir='ltr'><strong><em>’Πρακλέων</em></strong></span> <span class='ocrx_word' id='word_1_289' title='bbox 1157 3009 1187 3069; x_wconf 77' lang='grc' dir='ltr'>ἐν</span> 
     </span>
     <span class='ocr_line' id='line_1_30' title="bbox 72 3095 1185 3176; baseline 0.005 -26"><span class='ocrx_word' id='word_1_290' title='bbox 72 3117 88 3150; x_wconf 91' lang='grc' dir='ltr'><strong><em>ν</em></strong></span> <span class='ocrx_word' id='word_1_291' title='bbox 107 3102 157 3168; x_wconf 86' lang='lat' dir='ltr'>(se.</span> <span class='ocrx_word' id='word_1_292' title='bbox 177 3095 372 3173; x_wconf 74' lang='grc' dir='ltr'><strong><em>ὑπομνήματι)</em></strong></span> <span class='ocrx_word' id='word_1_293' title='bbox 385 3096 562 3166; x_wconf 87' lang='grc' dir='ltr'><strong><em>Ὀδυσσείας,</em></strong></span> <span class='ocrx_word' id='word_1_294' title='bbox 581 3123 746 3173; x_wconf 89' lang='lat' dir='ltr'>quamquam</span> <span class='ocrx_word' id='word_1_295' title='bbox 762 3111 863 3173; x_wconf 87' lang='lat' dir='ltr'>neseio,</span> <span class='ocrx_word' id='word_1_296' title='bbox 884 3109 1082 3176; x_wconf 84' lang='lat' dir='ltr'>quaetendem</span> <span class='ocrx_word' id='word_1_297' title='bbox 1099 3109 1185 3158; x_wconf 88' lang='lat' dir='ltr'>Hera-</span> 
     </span>
     <span class='ocr_line' id='line_1_31' title="bbox 73 3189 1186 3261; baseline 0.002 -21"><span class='ocrx_word' id='word_1_298' title='bbox 73 3189 173 3241; x_wconf 87' lang='lat' dir='ltr'>cleonis</span> <span class='ocrx_word' id='word_1_299' title='bbox 201 3192 304 3244; x_wconf 82' lang='lat' dir='ltr'>scholia</span> <span class='ocrx_word' id='word_1_300' title='bbox 329 3193 426 3244; x_wconf 84' lang='lat' dir='ltr'>innuet</span> <span class='ocrx_word' id='word_1_301' title='bbox 450 3193 571 3245; x_wconf 81' lang='lat' dir='ltr'>Gataker</span> <span class='ocrx_word' id='word_1_302' title='bbox 596 3193 630 3244; x_wconf 86' lang='lat' dir='ltr'>ad</span> <span class='ocrx_word' id='word_1_303' title='bbox 652 3194 753 3244; x_wconf 80' lang='lat' dir='ltr'>Anton.</span> <span class='ocrx_word' id='word_1_304' title='bbox 775 3212 803 3261; x_wconf 88' lang='lat' dir='ltr'>p.</span> <span class='ocrx_word' id='word_1_305' title='bbox 823 3197 873 3249; x_wconf 87' lang='lat'>103</span> <span class='ocrx_word' id='word_1_306' title='bbox 900 3197 952 3248; x_wconf 88' lang='lat' dir='ltr'>eol.</span> <span class='ocrx_word' id='word_1_307' title='bbox 968 3197 996 3259; x_wconf 90' lang='lat' dir='ltr'>l,</span> <span class='ocrx_word' id='word_1_308' title='bbox 1010 3195 1054 3247; x_wconf 89' lang='grc'>31.</span> <span class='ocrx_word' id='word_1_309' title='bbox 1091 3194 1186 3258; x_wconf 82' lang='lat' dir='ltr'>Neque</span> 
     </span>
     <span class='ocr_line' id='line_1_32' title="bbox 73 3277 1187 3347; baseline 0.003 -22"><span class='ocrx_word' id='word_1_310' title='bbox 73 3277 224 3328; x_wconf 88' lang='lat' dir='ltr'>audiendus</span> <span class='ocrx_word' id='word_1_311' title='bbox 245 3278 391 3345; x_wconf 83' lang='lat' dir='ltr'>Sopingius</span> <span class='ocrx_word' id='word_1_312' title='bbox 410 3285 466 3343; x_wconf 86' lang='lat' dir='ltr'>est,</span> <span class='ocrx_word' id='word_1_313' title='bbox 484 3280 543 3342; x_wconf 89' lang='lat' dir='ltr'>eui,</span> <span class='ocrx_word' id='word_1_314' title='bbox 565 3295 625 3330; x_wconf 89' lang='lat' dir='ltr'>eum</span> <span class='ocrx_word' id='word_1_315' title='bbox 642 3281 817 3332; x_wconf 80' lang='lat' dir='ltr'>Eustathium</span> <span class='ocrx_word' id='word_1_316' title='bbox 834 3298 861 3347; x_wconf 91' lang='lat' dir='ltr'>p.</span> <span class='ocrx_word' id='word_1_317' title='bbox 881 3283 948 3346; x_wconf 90' lang='grc'><strong>210,</strong></span> <span class='ocrx_word' id='word_1_318' title='bbox 967 3281 1001 3334; x_wconf 90' lang='grc'><strong>30</strong></span> <span class='ocrx_word' id='word_1_319' title='bbox 1018 3278 1085 3345; x_wconf 83' lang='lat' dir='ltr'>(vid.</span> <span class='ocrx_word' id='word_1_320' title='bbox 1101 3280 1187 3329; x_wconf 90' lang='lat' dir='ltr'>Meier</span> 
     </span>
     <span class='ocr_line' id='line_1_33' title="bbox 71 3361 1185 3434; baseline 0.002 -20"><span class='ocrx_word' id='word_1_321' title='bbox 71 3361 90 3414; x_wconf 74' lang='lat' dir='ltr'>l,</span> <span class='ocrx_word' id='word_1_322' title='bbox 111 3380 136 3415; x_wconf 93' lang='lat' dir='ltr'>c.</span> <span class='ocrx_word' id='word_1_323' title='bbox 154 3365 194 3416; x_wconf 87' lang='lat' dir='ltr'>VI</span> <span class='ocrx_word' id='word_1_324' title='bbox 209 3381 237 3430; x_wconf 84' lang='lat' dir='ltr'>p.</span> <span class='ocrx_word' id='word_1_325' title='bbox 256 3366 301 3432; x_wconf 85' lang='lat'>35)</span> <span class='ocrx_word' id='word_1_326' title='bbox 320 3366 426 3418; x_wconf 88' lang='lat' dir='ltr'>videret</span> <span class='ocrx_word' id='word_1_327' title='bbox 442 3365 524 3416; x_wconf 86' lang='lat' dir='ltr'>lexiei</span> <span class='ocrx_word' id='word_1_328' title='bbox 541 3367 681 3418; x_wconf 90' lang='lat' dir='ltr'>cuiusdam</span> <span class='ocrx_word' id='word_1_329' title='bbox 698 3368 827 3420; x_wconf 86' lang='lat' dir='ltr'>rhetorici</span> <span class='ocrx_word' id='word_1_330' title='bbox 844 3370 955 3434; x_wconf 82' lang='lat' dir='ltr'>veteris,</span> <span class='ocrx_word' id='word_1_331' title='bbox 972 3368 1059 3418; x_wconf 87' lang='lat' dir='ltr'>tacito</span> <span class='ocrx_word' id='word_1_332' title='bbox 1076 3367 1185 3417; x_wconf 88' lang='lat' dir='ltr'>nomine</span> 
     </span>
     <span class='ocr_line' id='line_1_34' title="bbox 73 3443 1184 3521; baseline 0.002 -21"><span class='ocrx_word' id='word_1_333' title='bbox 73 3451 207 3514; x_wconf 89' lang='lat' dir='ltr'>auctoris,</span> <span class='ocrx_word' id='word_1_334' title='bbox 231 3452 326 3504; x_wconf 87' lang='lat' dir='ltr'>iisdem</span> <span class='ocrx_word' id='word_1_335' title='bbox 344 3455 401 3505; x_wconf 87' lang='lat' dir='ltr'>lere</span> <span class='ocrx_word' id='word_1_336' title='bbox 418 3455 522 3516; x_wconf 88' lang='lat' dir='ltr'>verbis,</span> <span class='ocrx_word' id='word_1_337' title='bbox 550 3453 647 3518; x_wconf 92' lang='lat' dir='ltr'>quibus</span> <span class='ocrx_word' id='word_1_338' title='bbox 665 3455 818 3520; x_wconf 83' lang='lat' dir='ltr'>Hesychius</span> <span class='ocrx_word' id='word_1_339' title='bbox 837 3457 923 3506; x_wconf 89' lang='lat' dir='ltr'>utitur</span> <span class='ocrx_word' id='word_1_340' title='bbox 941 3471 964 3507; x_wconf 92' lang='lat' dir='ltr'>s.</span> <span class='ocrx_word' id='word_1_341' title='bbox 983 3472 1009 3507; x_wconf 87' lang='lat' dir='ltr'>v.</span> <span class='ocrx_word' id='word_1_342' title='bbox 1028 3443 1184 3521; x_wconf 80' lang='grc' dir='ltr'><strong><em>τιχχοιβάρι,</em></strong></span> 
     </span>
     <span class='ocr_line' id='line_1_35' title="bbox 73 3539 1186 3605; baseline 0.004 -19"><span class='ocrx_word' id='word_1_343' title='bbox 73 3539 240 3603; x_wconf 85' lang='lat' dir='ltr'>meminisse,</span> <span class='ocrx_word' id='word_1_344' title='bbox 261 3539 395 3591; x_wconf 90' lang='lat' dir='ltr'>Heracleo</span> <span class='ocrx_word' id='word_1_345' title='bbox 419 3542 499 3590; x_wconf 90' lang='lat' dir='ltr'>istius</span> <span class='ocrx_word' id='word_1_346' title='bbox 522 3540 602 3590; x_wconf 85' lang='lat' dir='ltr'>lexici</span> <span class='ocrx_word' id='word_1_347' title='bbox 625 3541 748 3590; x_wconf 91' lang='lat' dir='ltr'>conditor</span> <span class='ocrx_word' id='word_1_348' title='bbox 773 3557 833 3592; x_wconf 85' lang='lat' dir='ltr'>esse</span> <span class='ocrx_word' id='word_1_349' title='bbox 851 3542 968 3593; x_wconf 88' lang='lat' dir='ltr'>videtur.</span> <span class='ocrx_word' id='word_1_350' title='bbox 1005 3541 1103 3593; x_wconf 85' lang='lat' dir='ltr'>Suidas</span> <span class='ocrx_word' id='word_1_351' title='bbox 1121 3539 1186 3605; x_wconf 91' lang='lat' dir='ltr'>quid</span> 
     </span>
     <span class='ocr_line' id='line_1_36' title="bbox 73 3619 1187 3694; baseline 0.003 -22"><span class='ocrx_word' id='word_1_352' title='bbox 73 3624 124 3688; x_wconf 86' lang='lat' dir='ltr'>sibi</span> <span class='ocrx_word' id='word_1_353' title='bbox 146 3624 265 3675; x_wconf 85' lang='lat' dir='ltr'>voluerit</span> <span class='ocrx_word' id='word_1_354' title='bbox 287 3625 316 3676; x_wconf 93' lang='lat' dir='ltr'>II</span> <span class='ocrx_word' id='word_1_355' title='bbox 341 3626 353 3676; x_wconf 93' lang='lat' dir='ltr'>l</span> <span class='ocrx_word' id='word_1_356' title='bbox 377 3641 404 3689; x_wconf 91' lang='lat' dir='ltr'>p.</span> <span class='ocrx_word' id='word_1_357' title='bbox 425 3626 475 3677; x_wconf 83' lang='lat'>597</span> <span class='ocrx_word' id='word_1_358' title='bbox 513 3626 666 3690; x_wconf 77' lang='grc' dir='ltr'><strong><em>Λοχχῖνυςε</em></strong></span> <span class='ocrx_word' id='word_1_359' title='bbox 687 3655 721 3664; x_wconf 95' lang='grc'>-</span> <span class='ocrx_word' id='word_1_360' title='bbox 745 3623 831 3688; x_wconf 78' lang='grc' dir='ltr'><strong><em>λέξεις</em></strong></span> <span class='ocrx_word' id='word_1_361' title='bbox 850 3619 1014 3694; x_wconf 72' lang='grc' dir='ltr'><strong><em>Ἀντιμάχου</em></strong></span> <span class='ocrx_word' id='word_1_362' title='bbox 1033 3622 1082 3676; x_wconf 81' lang='grc' dir='ltr'>καί</span> <span class='ocrx_word' id='word_1_363' title='bbox 1101 3619 1187 3692; x_wconf 85' lang='grc' dir='ltr'><strong><em>Ἡρα-</em></strong></span> 
     </span>
     <span class='ocr_line' id='line_1_37' title="bbox 72 3703 1186 3779; baseline 0.004 -21"><span class='ocrx_word' id='word_1_364' title='bbox 72 3706 194 3769; x_wconf 80' lang='grc' dir='ltr'><strong><em>κλέωνος</em></strong></span> <span class='ocrx_word' id='word_1_365' title='bbox 209 3711 282 3761; x_wconf 73' lang='grc' dir='ltr'><strong><em>λιστεδ</em></strong></span> <span class='ocrx_word' id='word_1_366' title='bbox 299 3711 381 3762; x_wconf 85' lang='lat' dir='ltr'>facile</span> <span class='ocrx_word' id='word_1_367' title='bbox 399 3713 508 3762; x_wconf 83' lang='lat' dir='ltr'>dixeris.</span> <span class='ocrx_word' id='word_1_368' title='bbox 537 3713 696 3778; x_wconf 83' lang='lat' dir='ltr'>Langbaen.</span> <span class='ocrx_word' id='word_1_369' title='bbox 715 3707 855 3779; x_wconf 76' lang='grc' dir='ltr'><strong><em>Κλέωνος,</em></strong></span> <span class='ocrx_word' id='word_1_370' title='bbox 873 3713 1095 3765; x_wconf 87' lang='lat' dir='ltr'>Hemsterhusius</span> <span class='ocrx_word' id='word_1_371' title='bbox 1114 3703 1186 3762; x_wconf 73' lang='grc' dir='ltr'><strong><em>καθ’</em></strong></span> 
     </span>
     <span class='ocr_line' id='line_1_38' title="bbox 66 3785 1187 3866; baseline 0.004 -21"><span class='ocrx_word' id='word_1_372' title='bbox 66 3785 270 3862; x_wconf 81' lang='grc' dir='ltr'><strong><em>Ἡρακλέωνος,</em></strong></span> <span class='ocrx_word' id='word_1_373' title='bbox 289 3799 324 3850; x_wconf 91' lang='lat' dir='ltr'>D.</span> <span class='ocrx_word' id='word_1_374' title='bbox 346 3799 523 3850; x_wconf 84' lang='lat' dir='ltr'>Ruhnkenius</span> <span class='ocrx_word' id='word_1_375' title='bbox 544 3798 609 3847; x_wconf 90' lang='lat' dir='ltr'>nihil</span> <span class='ocrx_word' id='word_1_376' title='bbox 628 3803 725 3850; x_wconf 81' lang='lat' dir='ltr'>mutat.</span> <span class='ocrx_word' id='word_1_377' title='bbox 755 3801 889 3866; x_wconf 86' lang='lat' dir='ltr'>Equidem</span> <span class='ocrx_word' id='word_1_378' title='bbox 906 3800 1107 3852; x_wconf 87' lang='lat' dir='ltr'>Hemsterhusii</span> <span class='ocrx_word' id='word_1_379' title='bbox 1125 3816 1187 3850; x_wconf 91' lang='lat' dir='ltr'>eon-</span> 
     </span>
     <span class='ocr_line' id='line_1_39' title="bbox 71 3875 1188 3960; baseline 0.004 -29"><span class='ocrx_word' id='word_1_380' title='bbox 71 3882 203 3936; x_wconf 86' lang='lat' dir='ltr'>iectursm</span> <span class='ocrx_word' id='word_1_381' title='bbox 222 3875 294 3934; x_wconf 73' lang='grc' dir='ltr'><strong><em>καθ’</em></strong></span> <span class='ocrx_word' id='word_1_382' title='bbox 313 3878 514 3949; x_wconf 79' lang='grc' dir='ltr'><strong><em>Ηρακλὲωνος,</em></strong></span> <span class='ocrx_word' id='word_1_383' title='bbox 533 3887 715 3936; x_wconf 83' lang='lat' dir='ltr'>necessariam</span> <span class='ocrx_word' id='word_1_384' title='bbox 734 3903 847 3951; x_wconf 90' lang='lat' dir='ltr'>censeo,</span> <span class='ocrx_word' id='word_1_385' title='bbox 867 3889 952 3938; x_wconf 85' lang='lat' dir='ltr'>verba</span> <span class='ocrx_word' id='word_1_386' title='bbox 968 3894 1074 3960; x_wconf 85' lang='lat' dir='ltr'>tamen,</span> <span class='ocrx_word' id='word_1_387' title='bbox 1093 3886 1188 3952; x_wconf 90' lang='lat' dir='ltr'>procul</span> 
     </span>
     <span class='ocr_line' id='line_1_40' title="bbox 73 3965 1187 4035; baseline 0 -15"><span class='ocrx_word' id='word_1_388' title='bbox 73 3971 154 4024; x_wconf 89' lang='lat' dir='ltr'>dubio</span> <span class='ocrx_word' id='word_1_389' title='bbox 173 3988 223 4023; x_wconf 92' lang='lat' dir='ltr'>suo</span> <span class='ocrx_word' id='word_1_390' title='bbox 240 3971 302 4023; x_wconf 92' lang='lat' dir='ltr'>loco</span> <span class='ocrx_word' id='word_1_391' title='bbox 323 3976 412 4034; x_wconf 74' lang='lat' dir='ltr'>mota,</span> <span class='ocrx_word' id='word_1_392' title='bbox 435 3973 659 4022; x_wconf 82' lang='lat' dir='ltr'>antecedentibus</span> <span class='ocrx_word' id='word_1_393' title='bbox 682 3967 783 4033; x_wconf 76' lang='grc' dir='ltr'><strong><em>λέξεων</em></strong></span> <span class='ocrx_word' id='word_1_394' title='bbox 802 3965 828 4022; x_wconf 90' lang='grc' dir='ltr'>δ’</span> <span class='ocrx_word' id='word_1_395' title='bbox 846 3974 990 4025; x_wconf 85' lang='lat' dir='ltr'>adnectere</span> <span class='ocrx_word' id='word_1_396' title='bbox 1008 3973 1114 4035; x_wconf 87' lang='lat' dir='ltr'>malim,</span> <span class='ocrx_word' id='word_1_397' title='bbox 1133 3972 1187 4021; x_wconf 88' lang='lat' dir='ltr'>nisi</span> 
     </span>
     <span class='ocr_line' id='line_1_41' title="bbox 75 4047 1187 4124; baseline 0 -16"><span class='ocrx_word' id='word_1_398' title='bbox 75 4064 198 4123; x_wconf 87' lang='lat' dir='ltr'>praestat</span> <span class='ocrx_word' id='word_1_399' title='bbox 220 4059 380 4123; x_wconf 82' lang='lat' dir='ltr'>intellegere</span> <span class='ocrx_word' id='word_1_400' title='bbox 404 4050 490 4118; x_wconf 79' lang='grc' dir='ltr'><strong><em>λέξεις</em></strong></span> <span class='ocrx_word' id='word_1_401' title='bbox 506 4047 670 4124; x_wconf 75' lang='grc' dir='ltr'><strong><em>Ἀντιμάχου</em></strong></span> <span class='ocrx_word' id='word_1_402' title='bbox 694 4060 713 4110; x_wconf 91' lang='lat' dir='ltr'>i.</span> <span class='ocrx_word' id='word_1_403' title='bbox 733 4076 757 4112; x_wconf 92' lang='lat' dir='ltr'>e.</span> <span class='ocrx_word' id='word_1_404' title='bbox 775 4061 907 4112; x_wconf 88' lang='lat' dir='ltr'>lectiones</span> <span class='ocrx_word' id='word_1_405' title='bbox 926 4061 960 4110; x_wconf 90' lang='lat' dir='ltr'>ab</span> <span class='ocrx_word' id='word_1_406' title='bbox 979 4058 1140 4110; x_wconf 84' lang='lat' dir='ltr'>Antimacho</span> <span class='ocrx_word' id='word_1_407' title='bbox 1158 4059 1187 4108; x_wconf 89' lang='lat' dir='ltr'>in</span> 
     </span>
     <span class='ocr_line' id='line_1_42' title="bbox 72 4141 1182 4210; baseline 0.002 -17"><span class='ocrx_word' id='word_1_408' title='bbox 72 4145 189 4196; x_wconf 90' lang='lat' dir='ltr'>editione</span> <span class='ocrx_word' id='word_1_409' title='bbox 212 4145 325 4196; x_wconf 88' lang='lat' dir='ltr'>Homeri</span> <span class='ocrx_word' id='word_1_410' title='bbox 343 4144 490 4207; x_wconf 87' lang='lat' dir='ltr'>admissas,</span> <span class='ocrx_word' id='word_1_411' title='bbox 517 4145 550 4195; x_wconf 85' lang='lat' dir='ltr'>de</span> <span class='ocrx_word' id='word_1_412' title='bbox 573 4146 670 4210; x_wconf 91' lang='lat' dir='ltr'>quibus</span> <span class='ocrx_word' id='word_1_413' title='bbox 696 4147 813 4198; x_wconf 84' lang='lat' dir='ltr'>fortasse</span> <span class='ocrx_word' id='word_1_414' title='bbox 831 4147 962 4197; x_wconf 82' lang='lat' dir='ltr'>tractavit</span> <span class='ocrx_word' id='word_1_415' title='bbox 980 4143 1115 4194; x_wconf 84' lang='lat' dir='ltr'>Heracleo</span> <span class='ocrx_word' id='word_1_416' title='bbox 1135 4141 1182 4208; x_wconf 84' lang='lat' dir='ltr'>(cl.</span> 
     </span>
     <span class='ocr_line' id='line_1_43' title="bbox 73 4223 1185 4298; baseline 0.003 -20"><span class='ocrx_word' id='word_1_417' title='bbox 73 4231 155 4282; x_wconf 89' lang='lat' dir='ltr'>schol.</span> <span class='ocrx_word' id='word_1_418' title='bbox 176 4232 234 4283; x_wconf 84' lang='lat' dir='ltr'>BL.</span> <span class='ocrx_word' id='word_1_419' title='bbox 255 4231 289 4282; x_wconf 92' lang='lat' dir='ltr'>Il.</span> <span class='ocrx_word' id='word_1_420' title='bbox 307 4233 329 4280; x_wconf 83' lang='lat' dir='ltr'><em>A</em></span> <span class='ocrx_word' id='word_1_421' title='bbox 347 4232 399 4284; x_wconf 86' lang='grc'><strong>298</strong></span> <span class='ocrx_word' id='word_1_422' title='bbox 416 4223 590 4298; x_wconf 83' lang='grc' dir='ltr'><strong><em>μαχήσομαι)</em></strong></span> <span class='ocrx_word' id='word_1_423' title='bbox 615 4233 800 4282; x_wconf 85' lang='lat' dir='ltr'>adversarium</span> <span class='ocrx_word' id='word_1_424' title='bbox 818 4238 915 4282; x_wconf 86' lang='lat' dir='ltr'>nactus</span> <span class='ocrx_word' id='word_1_425' title='bbox 936 4232 1100 4297; x_wconf 85' lang='lat' dir='ltr'>Longinum.</span> <span class='ocrx_word' id='word_1_426' title='bbox 1136 4231 1185 4281; x_wconf 81' lang='lat' dir='ltr'>Oe-</span> 
     </span>
     <span class='ocr_line' id='line_1_44' title="bbox 19 4311 1183 4384; baseline 0.003 -20"><span class='ocrx_word' id='word_1_427' title='bbox 19 4373 23 4380; x_wconf 42' lang='grc'><strong>,</strong></span> <span class='ocrx_word' id='word_1_428' title='bbox 72 4319 156 4368; x_wconf 87' lang='lat' dir='ltr'>terum</span> <span class='ocrx_word' id='word_1_429' title='bbox 180 4318 210 4367; x_wconf 92' lang='lat' dir='ltr'>in</span> <span class='ocrx_word' id='word_1_430' title='bbox 235 4318 329 4368; x_wconf 90' lang='lat' dir='ltr'>eodem</span> <span class='ocrx_word' id='word_1_431' title='bbox 353 4319 453 4369; x_wconf 85' lang='lat' dir='ltr'>Suidae</span> <span class='ocrx_word' id='word_1_432' title='bbox 475 4319 536 4370; x_wconf 92' lang='lat' dir='ltr'>loco</span> <span class='ocrx_word' id='word_1_433' title='bbox 558 4335 607 4384; x_wconf 89' lang='lat' dir='ltr'>pro</span> <span class='ocrx_word' id='word_1_434' title='bbox 631 4311 703 4369; x_wconf 84' lang='grc' dir='ltr'><strong><em>κατά</em></strong></span> <span class='ocrx_word' id='word_1_435' title='bbox 726 4316 841 4384; x_wconf 88' lang='grc' dir='ltr'><strong><em>φειδίου</em></strong></span> <span class='ocrx_word' id='word_1_436' title='bbox 860 4332 1022 4382; x_wconf 86' lang='lat' dir='ltr'>quemqnam</span> <span class='ocrx_word' id='word_1_437' title='bbox 1041 4315 1183 4368; x_wconf 83' lang='lat' dir='ltr'>Ruhnken.</span> 
     </span>
    </p>
   </div>
   <div class='ocr_carea' id='block_1_9' title="bbox 0 0 1415 4868">
    <p class='ocr_par' dir='ltr' id='par_1_10' title="bbox 0 0 1415 4868">
     <span class='ocr_line' id='line_1_45' title="bbox 0 0 1415 4868; baseline 0 0"><span class='ocrx_word' id='word_1_438' title='bbox 0 0 1415 4868; x_wconf 95' lang='lat' dir='ltr'> </span> 
     </span>
    </p>
   </div>
  </div>
 </body>
</html>
