2866 4882
1148 363 1210 425 τοι
1248 346 1252 354 “

98 531 303 612 recentioris,
319 549 393 592 cum
408 527 488 591 haec
511 525 670 590 scriberet
690 529 785 610 τηλία
801 528 867 609 ἔχει
882 528 995 609 μέντοι
1013 521 1093 592 καθ’
1113 525 1211 592 ἑαυτὸ

98 625 240 713 ἄπορον.
287 622 346 692 ἐὰν
368 628 404 693 δὲ
427 625 464 692 τὸ
486 629 523 693 ἐν
543 631 685 714 Μαρικᾷ
706 629 895 714 προσέλθῃ,
919 631 1005 693 ἔνθα
1027 631 1074 704 είς
1095 631 1211 711 τηλίαν

98 730 182 815 φησί
202 727 242 795 τοὶ
260 733 322 794 ’τοῦ
340 723 547 814 Ὑπερβόλου
567 724 648 794 ὀστᾶ
664 729 892 813 ἐμβεβλῆσθαι
917 729 1014 817 (bene
1033 728 1114 792 haec
1136 751 1210 792 cum

98 832 200 897 schol.
226 833 335 916 priore
363 832 515 897 conciliat
534 831 735 896 Fritaschius
756 832 830 894 Act.
855 853 921 896 soe.
945 830 1004 894 Gr.
1028 828 1044 891 I
1065 851 1098 914 p.
1124 833 1209 916 134),

99 928 318 1016 ἀπορώτερον
340 936 441 999 ἔσται.
458 933 617 1017 ζητητέον
640 922 715 996 οὖν
748 933 864 1019 Itaque
887 930 1031 1018 spondeo
1053 931 1209 1016 scriptum

97 1037 201 1100 fuisse
222 1029 274 1098 ὅτι
295 1031 332 1100 dl
354 1034 579 1120 συμβάλλεται
601 1037 646 1120 τῷ
671 1034 739 1120 (vel
760 1028 813 1120 τὸ)
837 1031 874 1096 ἐν
896 1034 1037 1118 Μαρικᾷ
1059 1025 1211 1097 Εὐπόλι-

99 1140 159 1213 δος
186 1131 277 1221 οἶδα,
311 1137 471 1224 equibus
501 1157 616 1200 sensus
641 1135 788 1222 exsculpi
810 1136 951 1222 optimus
973 1143 1096 1218 potest:
1128 1135 1210 1198 ‘hoc

99 1239 167 1302 scio
193 1238 300 1303 locum
323 1238 506 1323 comparari
531 1237 636 1301 solere
662 1260 735 1302 cum
759 1236 857 1300 simili
879 1235 1020 1322 quodam
1038 1234 1209 1319 Eupolidis

100 1339 138 1404 ἐν
157 1341 298 1425 Μαρικᾷ
319 1338 400 1419 Ιοοο,
424 1358 487 1424 quo
504 1336 688 1423 Hyperboli
704 1347 842 1402 matrem
860 1339 955 1421 τηλίᾷ
978 1336 1117 1399 similem
1131 1336 1210 1400 fecit

98 1449 226 1527 poeta’.
278 1438 484 1526 (Simillimus
517 1438 607 1502 loeus
642 1447 692 1501 est
726 1437 827 1502 schol.
854 1438 942 1502 Avv.
976 1442 1048 1502 767.
1096 1437 1209 1502 Possis

100 1543 198 1606 etiam
216 1538 425 1624 ονμβλητὲον
445 1543 491 1626 τᾷ
514 1537 586 1622 κτὲ,
616 1549 653 1620 ut
674 1539 774 1603 schol.
799 1540 886 1604 Avv.
912 1541 993 1603 1562
1017 1533 1100 1620 ὅπερ
1122 1556 1210 1622 συμ-

99 1639 299 1725 φωνότερόν
319 1639 389 1704 ἐστι
410 1643 456 1726 τῷ
478 1638 569 1723 παρὰ
589 1636 808 1727 Μενάνδρῳ.)
852 1640 936 1704 Nam
955 1641 990 1704 si.
1009 1663 1090 1723 eam,
1114 1663 1211 1726 quam

43 1776 45 1778 ·
100 1743 319 1808 Schneiderus
342 1741 463 1824 elicuit,
485 1745 677 1806 sententiam
702 1743 883 1826 exprimere
905 1744 1128 1806 commentarii
1155 1765 1210 1807 au-

99 1855 169 1909 ctor
180 1845 349 1926 voluisset,
360 1866 379 1905 a
394 1864 484 1907 more
500 1844 785 1928 grammaticorum
796 1862 862 1904 non
878 1840 1074 1926 desciscens,
1086 1844 1210 1929 opinor,

100 1947 286 2031 scripsisset
308 1945 428 2009 omissa
442 1965 523 2008 voce
538 1939 628 2008 οίὸα·
652 1943 939 2027 ονμβέβληται
958 1939 996 2007 δὲ
1017 1945 1055 2008 ἐν
1069 1948 1211 2032 Μαρικᾷ

99 2041 310 2129 Εὐπόλιδος,
338 2047 548 2132 quantumvis
572 2043 669 2110 etiani
692 2046 739 2108 sic
760 2065 916 2131 perverso
941 2044 1133 2110 elocutionis
1155 2068 1210 2130 ge-

99 2169 177 2210 nere
203 2149 341 2235 scriptor
366 2169 445 2211 usus
467 2156 562 2210 esset.
607 2147 738 2209 Etenim
760 2167 842 2231 quae
865 2143 1094 2228 Schneiderus,
1117 2168 1209 2210 suam

98 2257 135 2312 ut
160 2269 310 2312 caussam
332 2257 446 2334 ageret
466 2247 616 2334 exempla
637 2247 802 2330 congessit
824 2244 924 2310 schol.
949 2247 1036 2310 Plut.
1052 2251 1071 2310 9
1087 2249 1208 2334 Vespp.

101 2354 157 2413 151
183 2351 379 2433 Avv.1738,
404 2359 441 2414 ut
463 2351 542 2413 satis
564 2349 642 2413 trita
664 2357 748 2429 sunt,
770 2349 817 2409 ita
840 2345 923 2409 alius
945 2347 1042 2431 plane
1065 2351 1207 2432 generis.

98 2452 191 2516 Haec
213 2453 300 2515 enim
321 2452 436 2517 volunt
468 2455 704 2525 1Ιλολαειίιόκ,
733 2455 872 2528 exposui,
901 2455 1073 2512 sententiam
1098 2470 1209 2513 meum
1251 2519 1253 2522 ,

99 2560 208 2632 aperui
223 2561 254 2616 ιἰι
270 2560 479 2624 οαιαιαεαιανίο
493 2557 667 2627 Pindarus,
689 2555 884 2626 Menandros,
910 2554 1075 2614 Crurineo’.
1102 2552 1211 2616 Possit

99 2656 197 2718 etiam
218 2654 298 2718 ferri
321 2662 400 2719 ‘cam
419 2660 465 2718 his
479 2660 600 2718 numini
612 2674 657 2716 mc
672 2638 882 2731 comparare';
904 2660 938 2714 at
952 2650 1032 2714 haec
1049 2654 1211 2716 sententia

98 2753 208 2818 verbis
239 2749 290 2819 ὅτι
312 2751 349 2819 δὲ
371 2753 596 2840 συμβάλλεται
621 2749 696 2818 olda
717 2761 805 2816 recte
829 2753 968 2838 exprimi
992 2775 1058 2817 non
1078 2755 1208 2838 poterit.

98 2855 181 2918 Utut
199 2864 262 2938 est,
291 2859 467 2944 requiritur
485 2859 520 2921 in
539 2856 590 2920 his
611 2855 731 2918 talibus
756 2854 936 2940 perfeetum
962 2859 1104 2937 είρηται,
1124 2854 1209 2919 διεί-

99 2962 229 3040 ληπται,
249 2953 432 3040 διώρισται.
461 2960 508 3022 At
530 2979 644 3022 vercor
667 2955 815 3042 equidem
837 2977 878 3018 ne
893 2952 974 3018 nihil
990 2953 1080 3019 aliud
1100 2955 1208 3018 dicere

98 3057 240 3122 voluerit
259 3058 375 3124 scholii
396 3070 518 3143 auctor,
545 3080 641 3145 quam
660 3066 761 3121 semet
782 3057 889 3142 ipsum
912 3055 990 3141 quid
1012 3055 1207 3141 explicando

99 3157 174 3222 huic
196 3158 266 3224 loco
291 3161 423 3225 salubre
445 3162 559 3225 afferat
576 3181 641 3223 non
662 3157 797 3238 habere,
819 3178 925 3240 neque
948 3157 1029 3221 alios
1042 3159 1208 3243 interpre-

98 3267 148 3323 tes
165 3259 318 3326 habuisse
339 3262 454 3344 videri‚
477 3263 597 3348 quippe
613 3266 768 3347 quotquot
782 3258 980 3342 inspexisset
992 3281 1103 3322 omnes
1120 3261 1152 3322 in
1170 3283 1207 3323 eo

97 3363 319 3447 acquievisse,
350 3371 386 3426 ut
404 3362 513 3434 locum
533 3363 695 3456 quendam
717 3385 760 3426 ex
782 3360 954 3447 Eupolidis
977 3360 1089 3424 fabula
1110 3361 1208 3424 Mari-

98 3483 153 3524 cas
176 3464 334 3550 inscripta
355 3473 565 3549 apponerent,
587 3466 622 3528 in
641 3485 704 3550 quo
722 3464 809 3527 idem
826 3461 908 3526 illud
927 3463 1092 3546 quaesitae
1109 3463 1208 3545 signi-

97 3561 259 3627 ficationis
275 3565 470 3629 vocabulum
494 3569 589 3647 τηλία
611 3574 792 3652 appareret.
837 3563 945 3648 Atque
964 3562 1044 3626 haec
1059 3563 1207 3649 profecto

98 3661 247 3726 redolent
273 3664 410 3752 Didymi
431 3666 617 3750 ingenium,
646 3665 702 3751 qui
724 3665 813 3728 inre
836 3666 961 3728 incerta
981 3662 1063 3725 nihil
1086 3664 1207 3727 discer-
1327 3735 1328 3738 Ἴ

96 3785 174 3828 nere
200 3786 314 3849 ausus,
340 3767 417 3831 dum
442 3767 604 3831 inscitiam
634 3787 725 3830 suam
747 3766 888 3851 ingenue
913 3765 1100 3846 confitetur,
1128 3764 1208 3849 quid

97 3864 287 3930 decessores
309 3868 380 3931 loco
400 3867 594 3932 illustrando
612 3867 788 3950 attulerint,
808 3868 982 3932 adnotasse
998 3867 1076 3930 satis
1096 3863 1206 3928 habet.

98 3963 191 4028 Idem
220 3988 299 4031 vero
328 3969 363 4031 in
388 3967 494 4032 lexico
522 3969 644 4033 comico
672 3967 714 4032 ad
742 3969 939 4033 vocabulum
963 3971 1056 4050 τηλία
1081 3959 1207 4031 delatus

97 4087 185 4148 eam,
216 4089 313 4153 quam
334 4068 520 4155 Hesychius
544 4069 717 4152 delibavit,
741 4070 992 4155 explicationem
1011 4074 1207 4156 apposuerat

96 4171 207 4250 τηλία·
229 4174 326 4252 σηλία
349 4169 385 4234 ἐν
408 4159 654 4257 ᾖὸιαμάττεται
676 4168 716 4236 τὰ
736 4166 862 4254 ἄλευρα
877 4166 897 4253 ἢ
913 4170 1108 4252 περιφέρεια
1125 4184 1206 4232 κοσ-

95 4273 206 4334 κίνου.
269 4273 378 4358 Atque
422 4295 464 4337 ne
501 4272 586 4337 hanc
625 4273 756 4359 quidem
786 4271 924 4356 Didymi
955 4270 1205 4356 explicationem
