2866 4882
217 323 278 384 274

217 487 272 550 1116
294 485 355 550 hoc
377 507 505 572 quoque
526 484 598 549 loco
620 504 691 548 uso.
726 481 873 568 'Didymi
906 504 979 546 esse
1001 504 1068 546 non
1096 491 1204 568 potest
1232 481 1335 546 schol.

219 587 289 652 Oc.
313 587 375 650 718
404 586 477 652 coll.
501 585 675 650 Ammonio
702 583 882 667 Νηρηΐδες.
927 582 1106 648 Lubricum
1130 584 1229 646 etiam
1252 583 1337 646 iudi·

218 689 305 752 cium
328 695 378 762 est
405 687 446 752 de
468 687 568 753 schol.
589 686 659 751 OT.
683 688 760 767 616,
783 686 904 770 inquo
927 685 1124 750 vocabulum
1146 677 1260 766 ἄμυνα
1290 684 1334 748 16-

218 779 316 874 gitur,
340 788 603 874 quoLobeckius
623 788 666 852 ad
688 785 865 872 Phrynich.
888 810 920 872 p.
942 788 982 850 23
1002 794 1102 870 negat
1123 793 1199 850 ante
1222 784 1333 850 Philo-

218 912 294 954 nem
328 898 360 952 et
388 889 599 954 Plutarchum
631 886 735 952 ullum
771 887 972 952 Graecorum
1008 889 1202 975 scriptorum
1237 909 1333 951 usum

219 1015 308 1058 esse:
335 991 397 1056 hoc
425 991 512 1054 enim
538 991 641 1054 utitur
663 990 761 1053 etiam
782 985 883 1050 schol.
906 987 986 1052 Eur.
1009 988 1134 1052 Phoen.
1159 990 1233 1052 283.
1258 992 1332 1053 653.

669 1222 889 1234 ---·

303 1400 356 1464 De
385 1395 517 1460 scholiis
545 1396 749 1482 Euripiden,
783 1397 967 1481 etymologo
998 1418 1117 1480 magno
1150 1403 1182 1458 et
1211 1396 1333 1460 Suidae

220 1503 357 1587 ignotis,
390 1498 561 1586 quominus
591 1519 730 1583 aequum
758 1497 866 1560 facere
895 1497 1051 1560 iudicium
1083 1497 1247 1582 possimus
1275 1499 1332 1560 im-

219 1603 370 1690 pedimur
396 1597 528 1685 quidem
550 1597 717 1685 hucusque
742 1598 814 1683 ipsa
841 1596 1037 1662 scholiorum
1062 1597 1254 1662 condicione
1277 1601 1333 1661 tri-

220 1703 362 1766 stissima
378 1700 437 1786 (cf.
457 1697 690 1784 Bernhardyus
704 1697 780 1762 hist.
795 1698 853 1762 Gr.
874 1699 935 1762 litt.
950 1698 985 1760 ΙΙ
1004 1720 1036 1783 p.
1052 1700 1124 1762 886.
1139 1699 1228 1782 887),
1252 1721 1332 1785 quo-

220 1825 293 1866 rum
318 1802 353 1864 in
378 1799 544 1882 indigesta
570 1800 654 1864 mole
688 1799 768 1863 vilia
798 1800 1055 1886 Byzantinorum
1088 1799 1263 1862 titivillitia
1290 1800 1332 1864 ab

220 1903 434 1989 exquisitiore
454 1899 754 1966 Alexandrinorum
783 1902 1069 1984 grammaticorum
1094 1898 1244 1964 doctrina
1267 1901 1332 1965 dis-

220 2024 352 2066 cernere
379 2023 433 2065 res
458 2022 600 2066 nauseae
626 2001 725 2087 plena
754 2003 813 2083 sit3
840 2001 972 2065 scholiis
999 2011 1110 2065 tamen
1134 2003 1177 2066 ab
1197 2003 1331 2066 Amatio

220 2105 450 2188 Kampmanno
469 2102 654 2187 (Dindorl.)
679 2101 817 2165 Cobetio
843 2102 1065 2189 (Witzschel.)
1089 2126 1107 2167 e
1134 2102 1229 2167 codd.
1252 2101 1329 2166 Vat.

220 2206 283 2266 9119
311 2202 414 2266 Marc.
442 2201 558 2266 Venet.
587 2207 647 2264 471
677 2201 781 2286 Neap.
807 2200 906 2266 Borb.
939 2203 1056 2268 165ss
1083 2205 1110 2266 F
1133 2208 1152 2266 9
1175 2204 1274 2267 editis
1298 2203 1333 2266 id

220 2304 371 2367 effectum
396 2309 462 2384 est,
485 2311 521 2366 ut
540 2303 594 2366 vel
616 2300 764 2366 hebetior
781 2305 883 2385 acieS,
907 2326 972 2390 qua
992 2305 1124 2370 tandem
1145 2304 1230 2368 facie
1255 2304 1332 2369 Ale-

219 2403 455 2468 xandrinorum
481 2403 705 2465 commentarii
738 2402 910 2490 Euripidei
942 2405 1080 2489 fuerint,
1117 2404 1331 2492 contemplari

219 2505 333 2589 possit.
376 2503 486 2588 Atque
514 2502 595 2566 haec
616 2502 755 2586 scholia,
782 2526 918 2589 quorum
946 2507 1198 2593 duplexexstat
1219 2528 1331 2570 recen-

221 2605 286 2686 sio,
305 2603 417 2668 florem
441 2611 473 2668 et
494 2603 635 2668 colorem
655 2624 749 2666 suum
768 2603 914 2689 Didymo
936 2607 1055 2672 debere
1071 2609 1135 2672 viri
1159 2608 1247 2672 docti
1266 2617 1330 2672 sta-

219 2707 277 2769 tim
300 2705 534 2770 intellexerunt
545 2706 886 2792 pronunciaruntque‚
910 2707 1148 2774 Schneidewin.
1161 2711 1196 2770 in
1212 2730 1329 2772 nuncc.

220 2807 311 2870 erud.
338 2807 428 2871 Gott.
460 2807 539 2868 1847
567 2805 648 2868 fasc.
673 2808 849 2871 154-156
876 2810 916 2874 O.
936 2809 1125 2876 Schneider.
1153 2809 1188 2871 in
1210 2808 1330 2872 Philol.

220 2905 273 2968 ΙΙΙ
292 2910 312 2967 4
334 2928 366 2990 p.
390 2908 461 2987 757,
485 2905 582 2991 quil.
605 2905 627 2969 l.-
650 2930 682 2992 p.
706 2910 768 2968 754
790 2907 1036 2974 Brunnemanni
1058 2931 1186 2998 quoque
1209 2910 1329 2974 disser-

218 3008 375 3070 tationem
395 3004 621 3088 inaugnralem
641 3006 682 3069 de
706 3017 791 3072 auct.
815 3009 928 3074 scholl.
949 3010 1055 3076 Vatic.
1081 3011 1124 3075 ad
1145 3010 1226 3074 Eur.
1251 3011 1326 3075 Tru.

79 3169 82 3186 .
218 3105 327 3169 Berol.
358 3107 439 3168 1846
467 3116 697 3170 commemorat
723 3108 804 3171 mihi
825 3132 892 3174 non
920 3112 1035 3175 visam.
1088 3111 1214 3192 Quibus
1240 3113 1330 3196 prior

221 3205 257 3269 0.
282 3205 512 3268 Lachmannus
539 3209 574 3269 in
595 3207 679 3271 Mus.
699 3209 804 3274 Rhen.
827 3212 843 3274 Ι
866 3235 898 3298 p.
921 3215 981 3276 317
1011 3212 1241 3300 Aristophanis
1263 3213 1329 3300 By-

219 3307 320 3368 zantii
347 3305 444 3368 etiam
465 3304 729 3372 observationum
755 3311 911 3399 reliquias
933 3314 1057 3398 aliquot
1079 3312 1142 3378 sibi
1165 3316 1328 3400 reperisse

218 3407 310 3469 visus
338 3406 424 3469 hunc
448 3408 605 3493 imprimis
631 3408 673 3472 ad
691 3419 794 3475 artem
811 3424 926 3498 poetae
944 3414 1123 3478 attendisse
1144 3416 1327 3502 suspicatus

219 3515 278 3569 est.
323 3506 416 3586 Quae
443 3508 649 3574 subtilissimi
675 3513 781 3576 critici
812 3516 969 3600 suspicio,
997 3517 1127 3579 temesti
1156 3538 1263 3602 neque
1285 3519 1326 3581 A.

218 3607 368 3673 Nauckio
400 3611 630 3696 Aristophanis
665 3616 851 3702 sospitatori
885 3617 1103 3682 eruditissimo
1130 3640 1163 3703 p.
1194 3619 1245 3681 62.
1276 3622 1327 3699 63,

217 3731 323 3796 neque
351 3710 551 3776 G.W01ffi0
584 3712 625 3775 de
652 3714 765 3779 scholl.
792 3713 943 3801 Sophocl.
973 3719 1073 3782 Laur.
1102 3740 1134 3803 p.
1159 3721 1199 3781 27
1228 3719 1327 3804 plane

217 3811 389 3895 probetur,
418 3820 526 3877 tamen
551 3815 629 3898 quin
653 3815 899 3902 aliquammulta
921 3819 1134 3913 Aristophani
1161 3821 1244 3908 Byz.
1273 3822 1328 3885 de·

216 3910 371 3994 beantur,
402 3913 598 3998 Callistrati‚
629 3917 757 4003 siquid
779 3919 892 4002 video,
923 3921 1030 3984 studio
1051 3921 1094 3984 ad
1116 3944 1176 3986 nos
1197 3922 1327 4009 pervul-

217 4021 294 4094 gata
316 4011 387 4097 (Or.
409 4017 480 4079 304.
504 4018 576 4080 424.
600 4020 676 4081 1031
703 4018 742 4083 R.
764 4018 920 4085 Schmidt.
945 4022 986 4085 de
1006 4021 1151 4089 Callistr.
1173 4026 1276 4100 Arist.
1293 4047 1327 4110 p.

220 4114 258 4173 19
271 4143 313 4169 2:
325 4114 386 4175 325
401 4114 515 4200 ch.),
537 4117 681 4183 dubitari
695 4141 760 4182 non
775 4123 903 4205 poterit,
924 4145 988 4208 qua
998 4125 1033 4187 in
1050 4127 1212 4190 sententia
1227 4127 1326 4190 etiam

218 4209 258 4272 Ο.
282 4211 516 4280 Schneiderum
538 4217 593 4280 l.l.
610 4242 641 4305 p.
656 4224 717 4284 758
738 4222 840 4286 fuisse
858 4225 954 4288 video
984 4227 1070 4313 (arg.
1091 4227 1179 4292 Med.
1205 4227 1325 4292 Bacch.
