2812 4868
212 333 253 394 50

211 517 285 560 esse
307 504 364 560 aut
385 496 456 561 loco
476 518 542 560 nou
564 516 623 560 suo
654 496 762 582 posita
790 494 893 560 verba
917 495 972 561 καί
995 495 1032 562 ἐυ
1059 499 1185 586 Τιμαίῳ
1202 533 1246 548 -
1269 519 1325 563 rs-

212 593 393 664 ταυτακότι
419 600 583 664 monuisse
608 599 687 662 satis
715 597 831 662 habeo.
875 597 1030 672 Forsitan
1061 599 1218 664 fluxerint
1246 621 1326 666 eae

213 698 339 762 Timaei
379 701 433 765 vel
470 699 601 765 Boethii
636 699 743 764 lexico
782 699 962 764 Platonico.
1029 700 1192 765 Vidimus
1213 702 1326 786 igitur,

211 799 299 887 quod
324 802 388 866 huc
406 822 509 889 usque
529 822 588 888 pro
612 809 700 866 certo
723 803 919 887 sumpsimus
940 803 1055 886 magis,
1079 824 1176 889 quam
1198 804 1252 868 eui
1271 804 1325 869 de·

137 969 140 975 ,
211 904 421 970 monstrando
443 925 539 991 pares
562 904 694 985 fuimus;
713 905 809 967 etiam
828 903 862 965 in
884 904 1007 968 comico
1027 903 1134 968 lexico
1153 904 1324 976 condendo

211 1005 393 1091 Didymum
413 1005 620 1070 decessorum
642 1004 784 1088 vestigia
806 1004 914 1090 sequi,
943 1012 979 1067 ut
1002 1003 1151 1090 exemplo
1173 1014 1249 1068 utar
1269 1027 1325 1091 pa·

211 1108 385 1190 ratissimo,
406 1106 635 1192 Lycophronis
657 1112 753 1190 atque
775 1105 985 1169 Artemidori.
1018 1104 1064 1168 Ut
1080 1106 1167 1169 enim
1187 1115 1324 1190 constat,

212 1208 417 1272 Pherecratio
439 1208 567 1272 fabulas
589 1195 833 1272 accuratissime
855 1205 1043 1292 explorasse
1063 1206 1324 1290 Eratosthenem,

211 1309 257 1372 ita
273 1309 454 1396 Didymum
480 1311 516 1372 in
543 1309 676 1374 easdem
697 1316 948 1372 commentatum
971 1329 1043 1372 esse
1065 1327 1160 1372 nemo
1181 1332 1325 1397 unquam

212 1409 312 1492 dixit,
334 1410 422 1475 unde
446 1411 595 1492 efficitur,
617 1417 706 1474 utet
727 1407 863 1472 Photius
883 1418 914 1473 et
932 1409 1126 1497 Hesychius
1144 1433 1170 1475 s.
1190 1433 1223 1476 v.
1247 1435 1326 1480 σευ-

212 1507 322 1590 πόζειν
353 1513 512 1578 comicum
540 1509 678 1598 Didymi
703 1511 833 1575 lexicon
859 1509 1116 1596 compilaverint.
1167 1512 1325 1578 Volentes

212 1613 314 1697 igitur
338 1614 372 1676 in
402 1633 473 1677 eam
500 1613 719 1699 suspicionem
744 1610 852 1698 abripi
880 1633 939 1675 nos
960 1613 1137 1697 patiemur,
1166 1625 1326 1703 quotquot

217 1714 304 1801 apud
325 1713 529 1800 Hesychium
551 1714 696 1800 aliosque
716 1722 847 1777 exstant
869 1712 934 1776 loci
956 1713 1071 1776 comici
1094 1718 1253 1781 sermonis
1276 1740 1327 1783 oo·

214 1814 315 1879 lorem
344 1815 546 1899 renidentes,
575 1837 711 1903 quorum
738 1817 845 1900 gratia
872 1813 1084 1900 Lycophroni
1110 1816 1325 1883 denuncietur

211 1918 442 1999 testimonium,
454 1916 496 1980 od
510 1939 610 1982 unum
626 1937 737 1980 omnes
753 1915 918 2001 eDidymi
930 1915 1059 2001 scriptis
1069 1918 1340 2003 percrebruisse,¹

214 2041 329 2106 neque,
349 2039 422 2083 cum
444 2018 566 2105 ubique
588 2018 658 2081 fere
673 2014 882 2103 Lycophroni
902 2015 1099 2084 fidissimum
1131 2021 1205 2084 riae
1228 2024 1326 2086 comi»

213 2127 279 2184 tem
300 2120 488 2207 sociumque
510 2119 658 2184 laborum
678 2118 857 2182 adhaerere
876 2118 1047 2184 videamus
1063 2120 1324 2208 Eratosthenem,

213 2222 481 2292 Eratosthenicas
514 2222 692 2286 sententias
724 2221 765 2284 de
797 2218 952 2302 vocibus,
986 2243 1069 2308 quae
1093 2222 1234 2309 quidem
1267 2224 1325 2288 hu-

213 2325 374 2390 miliorem
399 2325 486 2388 socci
514 2343 696 2388 sermonem
720 2327 890 2402 resonant,
924 2324 1089 2407 expositas
1117 2324 1196 2388 alia·
1211 2329 1268 2391 via
1292 2327 1325 2390 in

214 2428 395 2494 lexicorum
433 2425 539 2511 spatia
579 2424 644 2486 nisi
679 2444 739 2509 per
774 2421 956 2508 Didymum
984 2423 1148 2508 patefacte
1183 2427 1324 2492 intrasse

214 2539 325 2595 nostro
347 2529 418 2594 iure
440 2525 688 2612 suspicabimur.
1251 2592 1254 2598 ,

291 2627 519 2696 Prementibus
541 2628 650 2712 igitur·
660 2625 887 2711 Lycophronis
911 2627 1052 2710 vestigia
1080 2627 1142 2695 hae
1165 2631 1243 2698 eiust
1257 2634 1325 2695 ani-

214 2734 459 2802 madversiones
480 2737 663 2794 occurrunt.
711 2728 741 2812 1)
763 2727 858 2792 Phot.
881 2751 913 2814 p.
935 2733 1006 2811 507,
1031 2733 1049 2794 9
1077 2730 1151 2796 coll.
1174 2733 1267 2798 Suid.
1290 2734 1325 2798 II

216 2841 235 2899 2
256 2861 288 2924 p.
311 2840 382 2919 708,
406 2836 468 2899 720
490 2829 750 2894 σεσέλλισαι·
777 2825 885 2912 μάτην
904 2831 1055 2916 ἐπῆρσαι,
1078 2828 1136 2896 ἀπ’
1161 2835 1325 2917 Αἰσχίνου

216 2943 277 3003 τοῦ
298 2938 448 3018 Σέλλου,
467 2926 505 3009 ὃς
525 2922 569 3015 ἦν
590 2925 782 3015 κομπαστὴς
804 2930 859 2995 καὶ
880 2926 1010 3008 ιἰλαζώυ
1032 2935 1070 2997 ἔυ
1090 2957 1126 2999 ιε
1148 2938 1195 3023 τῷ
1214 2933 1326 3001 διαλέ-

218 3047 338 3122 γεσθαι
358 3036 415 3102 ’καὶ
438 3034 474 3099 ἐν
495 3037 541 3123 τῷ
563 3040 822 3114 προσποιεῖσθαι
845 3041 1013 3098 πλουτεῖν.
1038 3031 1055 3099 ό
1080 3035 1116 3100 δὲ
1130 3034 1326 3121 Λυκόφρων

216 3136 368 3206 ἀπέδωκε
392 3135 429 3205 τὸ
456 3138 664 3213 σελλίζεσθαι
690 3129 765 3199 ἀντὶ
786 3137 848 3198 τοῦ
866 3139 1089 3214 ψιλλίζεσθαι.
1133 3138 1325 3226 Utrumque,

217 3261 412 3329 quamquam
428 3238 509 3304 locis
527 3237 702 3319 diversum,
725 3234 824 3300 habet
838 3235 1024 3324 Hesychius
1041 3240 1171 3304 111186
1193 3246 1264 3306 σελ
1274 3244 1325 3305 λί-

218 3348 381 3421 ζεσθαι·
405 3341 628 3419 ψελλίζεσθαι.
650 3333 738 3414 τινὲς
760 3334 798 3401 δὲ
812 3341 949 3415 σελλίζει
964 3333 1170 3418 diagonioe.
1192 3341 1228 3405 II
1247 3347 1320 3405 1171

198 3447 386 3509 »σεσελλί
390 3450 503 3512 σθαι·
527 3435 789 3518 ἀλαζονεύεσθαι
812 3439 867 3502 καί
883 3437 1060 3526 σκώπτειν,
1080 3437 1146 3506 όιπό
1163 3445 1325 3528 Αἰσχίνου

217 3549 279 3619 rori
300 3546 441 3611 Σέλλου.
464 3545 560 3608 Prior
578 3543 679 3628 igitur
699 3541 885 3629 explanatio
907 3541 1144 3632 Lycophronis,
1164 3546 1325 3630 posterior
1346 3619 1352 3624 ¹

217 3648 346 3712 vidone
362 3669 405 3710 ex
417 3645 645 3714 Eratosthenis
661 3644 702 3708 de
717 3643 885 3708 comoedia
899 3642 992 3708 libris
1006 3647 1260 3733 promanaverit,
1280 3648 1326 3708 in.-

130 3733 136 3748 ’
217 3749 361 3831 tegriore
383 3747 582 3835 cultioreque
603 3746 717 3810 habitu
736 3754 866 3810 servate
880 3745 967 3830 apud
978 3745 1181 3834 Hesychium
1193 3747 1228 3809 II
1246 3749 1326 3811 1162
1346 3744 1349 3751 ’

219 3853 447 3914 σεελλίσαι·
478 3847 647 3932 Φρύνιχος
674 3850 711 3913 ἐν
735 3848 873 3939 Κρόνῳ·
894 3843 1038 3931 ’Ἁχαμαι
1053 3847 1231 3914 Διουόσου
1248 3847 1327 3914 ord·

205 3956 321 4034 ’ματος
360 3944 404 4028 ὦς
439 3955 604 4017 σεελλίσαι
642 3952 830 4036 κεκομμένα
870 3945 1040 4028 πολλάκις.
1091 3953 1253 4034 Αἰσχίνης
1281 3973 1329 4025 τις

218 4049 348 4136 ὑπῆρχε
365 4052 496 4118 Σίλλου
517 4050 735 4138 καλούμενος,
758 4049 888 4132 αἰλαζώυ
909 4050 964 4116 καί
984 4052 1021 4116 ἐν
1043 4055 1090 4138 τῷ
1113 4053 1327 4136 διαλέγεσθαι

219 4153 274 4217 καί
303 4155 340 4218 ἐν
368 4158 414 4243 τῷ
440 4163 697 4236 προσποιεῖσθαι
718 4163 877 4221 πλουτείυ
906 4153 1091 4238 πενόμενος
1117 4148 1198 4219 καθ’
1223 4147 1330 4235 ὑπερ·

220 4250 341 4338 βολήν,
364 4249 409 4332 uic
430 4250 509 4333 τούς
531 4262 783 4341 παραπλησίους
805 4250 895 4354 οὕτω
918 4262 1102 4323 καλεῖσθαι.
1151 4255 1204 4320 of.
1228 4253 1329 4320 schol.
