2812 4868
1236 348 1270 410 31

165 518 271 582 Bonn.
294 515 395 580 Peell.
422 515 465 579 de
491 514 634 580 remed.
657 535 709 600 op.
732 512 852 578 Ideler.
878 511 974 598 phys.
999 520 1031 576 et
1062 511 1147 576 med.
1176 511 1236 576 Gr.
1258 513 1276 576 1

166 641 197 704 p.
217 620 290 682 202.
313 617 435 694 Concae
451 617 484 680 ai
500 615 635 680 Ciliciae
654 614 845 702 oppidulum
861 613 1002 696 fuerunt,
1025 614 1277 679 reconditiorem

166 719 349 784 doctrinam
376 719 461 783 eruit
477 717 661 803 Didymus:
688 715 819 780 aliunde
844 723 932 779 cute
956 715 1076 780 Ocreae
1099 737 1164 798 non
1185 717 1276 782 novi-

166 839 249 886 mus.
294 819 520 884 lnaudivimua
540 827 666 893 tantum
689 817 825 882 fluvium
849 815 986 882 Oeneum
1011 815 1175 901 (Κέραον,
1198 840 1230 882 v.
1254 817 1276 882 l.

167 921 321 1006 Κάρσαν)
343 944 386 986 ex
406 921 493 986 Xan.
516 943 591 1009 exp.
616 919 693 1006 (lyr.
715 920 732 982 I
757 923 794 1002 4,
815 923 851 1002 4,
874 920 926 984 cui
947 941 1035 984 nuuc
1052 919 1096 983 H.
1119 919 1277 1005 Kicperto

165 1029 249 1087 teste
267 1028 386 1088 Merces
410 1044 529 1088 nomen
558 1030 618 1086 eet.
656 1023 813 1103 -ιιορσοῦν
830 1020 911 1085 Ηεε.
932 1021 1076 1106 explicat
1099 1022 1225 1103 κείρειν
1245 1029 1278 1084 et

166 1126 218 1188 cui
245 1127 351 1210 primo
384 1125 503 1190 abrasa
522 1124 585 1188 fuit
607 1121 712 1188 barba
741 1118 880 1206 Κόρσην
908 1121 1030 1186 dictum
1056 1144 1129 1186 esse
1156 1121 1276 1186 Athen.

168 1227 256 1292 XIII
289 1227 391 1292 565ss
422 1234 572 1298 testatur.
591 1263 635 1277 --
656 1224 742 1289 Num
769 1219 937 1307 αορσήκης
965 1232 1002 1287 ut
1023 1220 1195 1308 ξνρήκηςῗ
1235 1245 1278 1288 an

167 1325 274 1411 αόρσα
290 1326 353 1417 IO:
374 1324 521 1410 τράγοις,
541 1335 577 1392 ut
594 1327 732 1391 alterum
750 1325 797 1392 10
816 1347 834 1390 e
850 1325 1071 1411 dittographia
1084 1332 1278 1411 prognatum

167 1431 233 1494 ait?
255 1469 299 1478 -
320 1429 372 1493 De
384 1429 420 1492 K
437 1438 469 1492 ct
483 1427 529 1494 10
551 1428 695 1506 confusis
715 1451 748 1494 v.
768 1426 897 1492 Schael.
919 1425 1029 1512 Apoll.
1054 1426 1161 1492 Rhod.
1180 1427 1215 1490 II
1228 1415 1229 1418 ¹
1244 1449 1277 1512 p.

167 1533 229 1594 280
251 1531 343 1595 Βεελ.
369 1552 483 1596 comm.
512 1530 578 1616 pal.
600 1532 671 1596 729.
721 1529 823 1613 Greg.
848 1529 922 1592 Cor.
945 1551 978 1614 p.
1004 1531 1062 1592 167
1070 1577 1079 1611 ‚
1103 1531 1164 1592 214
1187 1527 1289 1593 8ο1ε1.«

705 1703 735 1762 4.

253 1830 334 1898 Hes.
358 1833 393 1898 Il
415 1857 451 1921 p.
473 1837 535 1898 454
564 1833 711 1898 λέσπιν
731 1828 880 1917 μεγάλην
902 1828 1065 1918 ὑόρηλην.
1088 1835 1278 1918 Δίδυμος

169 1931 230 2019 τὴν
251 1936 507 2019 καταδυομένην
521 1938 568 2014 εἰς
584 1937 727 2018 πέλανος
742 1935 876 2019 πέτραν.
900 1937 935 2001 οἱ
954 1936 994 2001 δὲ
1006 1934 1159 2018 νοτερόν.
1180 1931 1280 2013 ἄλλος

171 2035 205 2101 dl
234 2035 381 2104 σπιλόὸα
407 2043 562 2124 βαθεῖαν.
606 2038 641 2104 ολ
663 2037 700 2102 di
721 2035 859 2121 λόχμην.
904 2037 958 2103 Sic
981 2040 1068 2104 enim
1089 2040 1179 2104 locus
1200 2038 1280 2104 mihi

170 2137 362 2204 scribendus
384 2139 525 2204 videtur.
571 2139 654 2204 Ood.
677 2135 821 2221 ίδρνλήν
843 2147 875 2202 et
902 2140 1042 2205 ιλεσπίὸα
1050 2141 1085 2226 ¹).
1131 2140 1281 2225 (iuyetue

171 2245 291 2310 λε’σπιν
310 2264 370 2328 pro
394 2245 517 2323 λίσπην
534 2242 557 2304 i.
574 2263 603 2304 e.
627 2243 724 2318 λείαν
741 2235 883 2305 λισσάδα
904 2240 1030 2324 πέτρην
1044 2241 1180 2326 occepit.
1204 2238 1281 2305 Sea·

171 2345 255 2430 liger
269 2341 402 2412 volebat
416 2335 512 2408 ἄλλοι
527 2343 547 2406 d
552 2336 560 2362 ’
578 2336 712 2425 ἆσπίιλα,
726 2341 904 2406 Salmasius
919 2343 1059 2407 λεσπίδα
1074 2350 1107 2406 et
1121 2338 1279 2426 λεόχμην.

171 2444 350 2510 Schneider
385 2443 450 2508 lex.
485 2443 545 2510 Gr.
571 2444 589 2507 I
612 2467 645 2530 p.
675 2447 733 2508 391
769 2451 844 2508 ‘aus
871 2449 927 2508 der
953 2451 1037 2509 stelle
1068 2450 1178 2522 irpend
1204 2451 1285 2510 eines

170 2551 552 2612 oleoecodrinisohen
573 2552 712 2625 dichters,
733 2567 778 2612 ιοο
798 2548 938 2612 λεσπίδα
959 2552 1033 2612 oder
1047 2545 1203 2611 ἐλεσπίδα
1221 2545 1281 2610 πέ-

171 2673 252 2730 τραν
274 2653 428 2712 volam)
451 2648 507 2735 -(v.
529 2669 557 2712 o.
588 2648 726 2714 Theoer.
753 2651 794 2711 22
801 2698 810 2733 ,
833 2652 873 2713 37
899 2643 967 2718 ὑπὸ
996 2643 1129 2714 λισσόδι
1154 2646 1279 2732 πέτρη).

166 2751 244 2839 Non
265 2749 397 2814 accedo.
434 2751 650 2835 Aptetamen
670 2750 837 2815 contendit
859 2749 1077 2824 Schneiderue
1105 2749 1127 2814 l.
1149 2769 1190 2814 o..
1208 2747 1280 2814 ἐλε·

172 2853 291 2931 σπζᾶας
315 2851 384 2936 Ap:
408 2850 472 2915 Rh.
502 2849 520 2914 I
548 2853 628 2916 1266
635 2900 645 2934 ‚
678 2851 854 2916 dictionem
876 2851 1069 2934 solitariam,
1101 2850 1159 2916 ubi
1180 2849 1282 2915 schol.

172 2953 293 3017 Palios.
319 2955 367 3040 (at
388 2940 455 3018 v'id.
471 2953 515 3018 H.
531 2953 633 3018 Keilii
654 2953 740 3020 obse.
758 2954 844 3018 critt.
864 2956 899 3018 in
914 2953 1006 3018 Cato.
1018 2962 1051 3018 et
1062 2953 1158 3018 Varr.
1176 2975 1209 3039 p.
1226 2953 1281 3038 86)

171 3054 251 3118 haec
279 3055 453 3128 adnotant:
497 3053 715 3132 ἑλεσπίδας
747 3056 786 3121 δι’
811 3057 897 3122 εἰσιν
921 3055 956 3120 οἱ
978 3050 1158 3140 πετρώδεις
1184 3050 1281 3120 τόποι

172 3151 317 3239 παράτό
340 3153 503 3226 λέπεσθαι
528 3151 596 3222 ὑπό
618 3178 654 3221 τε
676 3151 812 3241 ἀνέμων
831 3155 889 3232 pat
909 3151 1019 3240 ἡλίου.
1062 3153 1128 3224 Ast
1151 3157 1207 3222 καλ
1226 3159 1281 3222 λε’·-

172 3279 234 3333 τας
253 3253 292 3322 τό
315 3261 377 3321 τοῦ
395 3251 498 3339 ὅρους
516 3253 727 3342 ἀκρωτήριον
749 3259 888 3341 λέγεται.
913 3256 1117 3345 Εὐριπίδης·
1141 3255 1197 3324 not
1218 3261 1283 3323 Κι-

172 3361 344 3442 θαιρῶνος
367 3359 478 3435 λέπας.
524 3359 716 3446 Oopiosiora
748 3370 824 3426 aunt
855 3361 930 3428 edd.
963 3363 1076 3427 eoholl.
1103 3361 1139 3425 II
1164 3383 1197 3448 p.
1220 3363 1283 3425 439

174 3458 274 3542 teht,
300 3481 384 3546 quae
404 3461 522 3525 iterum
544 3462 667 3546 passim
689 3470 799 3538 mutat
813 3471 855 3536 et,
878 3486 921 3527 m.
946 3466 1017 3546 328,
1040 3465 1081 3526 22
1104 3464 1162 3550 (cf.
1182 3463 1283 3527 Bour-

173 3562 236 3627 del.
259 3562 391 3628 Heliod.
417 3585 449 3649 p.
472 3568 491 3626 4
522 3562 640 3628 Valok.
661 3565 812 3632 Ammon.
835 3589 867 3652 p.
894 3567 979 3654 139).
1023 3566 1099 3631 Huc
1120 3566 1284 3653 pertinere

244 3754 269 3822 l)
290 3756 365 3806 Cave
381 3771 415 3808 ne
432 3753 555 3808 δεσπίδα
570 3756 635 3808 ferri
651 3772 733 3824 posse
747 3761 868 3821 statuas,
887 3759 916 3808 in
932 3759 1162 3826 comparationem
1179 3758 1284 3810 vocatis

175 3859 243 3909 quac
259 3845 395 3896 Maittair.
414 3861 441 3910 p.
460 3845 543 3898 aton
561 3845 640 3898 3790
659 3844 780 3911 collegit,
797 3850 1010 3912 permutatorum
1024 3847 1049 3894 Δ
1067 3851 1093 3896 et
1109 3845 1133 3894 Λ
1146 3844 1284 3910 exemplis.

176 3931 358 4000 Pergaeomm
377 3933 447 3984 enim
466 3933 612 3984 dialectum
630 3931 701 3983 hane
719 3933 946 3998 permutationem
963 3949 1075 3997 poscere
1095 3931 1210 3982 adnotat
1228 3927 1285 3979 Sal-

120 4017 125 4030 “
175 4032 240 4070 maa.
257 4019 305 4070 'ad
325 4019 447 4086 Hesych.
472 4020 564 4071 1911.
602 4020 729 4085 Sequitur
752 4021 802 4070 sub
820 4018 987 4070 AEcflmA
1011 4019 1097 4068 latere
1119 4016 1187 4066 nihil
1212 4014 1286 4065 alind

175 4107 225 4157 nisi
244 4105 296 4156 ΔΕ
314 4103 431 4156 cumn
448 4108 506 4158 ΔΑ.
530 4104 592 4172 [Ap.
612 4107 700 4173 Long.
720 4109 796 4158 Paat.
816 4107 860 4157 III
883 4107 915 4174 ld
931 4105 984 4172 leg.
1005 4095 1043 4162 τός
1061 4094 1139 4167 παρὰ
1155 4094 1210 4166 τήν
1227 4101 1285 4166 (yo-

176 4185 283 4259 ναιαός)
302 4185 432 4260 ναλόβην
448 4183 502 4257 τὴν
520 4190 571 4258 τῆς
588 4184 753 4258 τιατοόοης,
776 4195 830 4244 nisi
854 4193 976 4257 ηνναῖαα
999 4182 1144 4255 αασόλβην
1159 4181 1212 4252 τήν
1227 4186 1286 4236 τίει-

174 4291 275 4330 ιοοααν
292 4281 393 4333 mavia.
412 4279 472 4331 cod.
491 4272 603 4347 λαβήν]
