2894 4890
655 643 690 723 3.

121 790 413 858 Commentarii
446 790 486 852 in
508 787 735 878 Odysseam
771 794 983 877 exegetici
1013 803 1051 859 et
1079 798 1230 862 critici.

659 948 673 1006 1

203 1064 347 1129 Nicanor
377 1060 418 1124 ad
446 1065 469 1146 β
498 1061 560 1124 260
589 1057 662 1126 ίών
693 1061 759 1128 ἐπὶ
790 1060 880 1128 θινὶ
906 1059 1135 1146 θαλάσσης·
1171 1061 1231 1130 ἐὰν

119 1162 203 1234 κατὰ
231 1158 369 1246 δοτικὴν
393 1157 566 1246 νρόφηται
593 1157 630 1226 τὸ
660 1167 765 1228 olm
789 1164 937 1248 βραχέως
966 1163 1074 1250 (Harl.
1104 1161 1227 1253 βραχὺ)

119 1270 361 1349 διαστελοῦμεν
382 1262 437 1328 ἐπί
457 1262 493 1327 τό
518 1260 581 1327 ἰόν
602 1263 658 1328 καὶ
678 1260 718 1328 τὰ
740 1262 814 1348 ἑξῆς
841 1264 1066 1348 συνάπτομεν.
1111 1260 1171 1328 ἐὰν
1191 1262 1228 1332 δὲ

120 1361 284 1450 αἰτιατικὴ
298 1355 359 1454 (ᾖ),
380 1359 427 1441 ὥς
446 1380 530 1448 φησι
547 1366 734 1449 Δίδυμος
755 1362 901 1449 γράφειν
910 1360 1133 1450 Ἀρίσταρχον,
1146 1365 1228 1450 μετὰ

119 1466 154 1535 τό
178 1464 352 1550 θαλάσσης
370 1468 621 1549 διαστελοῦμεν.
653 1466 693 1547 Ω.
715 1464 808 1529 Harl.

659 1653 687 1711 2.

202 1770 310 1838 Schol.
334 1770 404 1834 Pal.
431 1770 471 1852 Q.
494 1770 571 1834 αδδ
596 1772 656 1832 797
678 1766 867 1849 Δίδυμος
885 1769 921 1833 δὲ
942 1760 1120 1852 Ἀμερόιιιν
1144 1774 1228 1857 φησὶ

118 1870 437 1958 προσαγορεύεσθαι
464 1867 527 1955 τὴν
549 1863 750 1948 Πηνελόπην
778 1859 1014 1952 ἢἈναρκίαν·
1044 1878 1227 1941 Ναυπλίου

117 1975 155 2040 δὲ
177 1977 338 2060 ῥίψαντος
365 1967 471 2054 αὐτὴν
500 1973 545 2045 είς
565 1963 741 2032 θάλασσαν
770 1964 825 2032 διὰ
855 1967 979 2054 ποινὴν
1001 1973 1227 2059 Παλαμήδους

117 2072 184 2141 ὑπὸ
213 2071 413 2158 πηνελόποιν
442 2063 549 2151 αὐτὴν
568 2076 737 2133 σωθεῖσαν
761 2062 869 2145 οὕτως
887 2064 1132 2158 ὀνομασθῆναι.
1172 2075 1225 2144 Ἐν

117 2176 154 2243 δὲ
183 2176 386 2260 ἐπιμερισμῷ
409 2173 471 2233 τοῦ
503 2173 640 2253 εΜῇνιν
662 2166 753 2234 ἄειδε
773 2166 855 2234 θεό’
891 2172 1095 2258 Πηνελόπην
1118 2172 1225 2262 αὐτήν

118 2296 202 2363 φησι
239 2275 392 2356 λελέχθαι
427 2264 516 2352 παρὰ
547 2264 583 2332 τό
618 2268 781 2340 πένεσθαι
820 2265 856 2333 τό
896 2275 1016 2350 λῶπος.
1073 2276 1223 2345 Eustath.

120 2383 215 2462 τινα,
239 2382 317 2440 7:
339 2373 395 2453 ον,
419 2374 470 2434 45.
495 2370 606 2434 Tzetz.
629 2371 711 2457 Lye.
736 2373 808 2435 792.

200 2478 263 2563 Ap.
295 2471 446 2537 Eustath.
479 2471 522 2535 ad
550 2494 571 2534 α
604 2474 665 2536 329
700 2480 748 2535 est
768 2464 967 2556 Ἀμειράκην
995 2467 1223 2565 ἢἉρνακίαν,

114 2607 166 2670 ap.
199 2577 341 2640 Tzetzen
371 2567 538 2655 Ἀρναίαν.
566 2611 608 2620 ——
648 2571 688 2652 Q.
720 2567 761 2637 οὐ
790 2568 855 2657 γὰρ
884 2573 937 2639 ἐπὶ
965 2585 1123 2666 μερισμῷ.
1169 2583 1224 2648 Ad

116 2685 196 2747 haee
217 2679 435 2742 Buttmannus
463 2697 495 2762 p.
523 2676 577 2737 171
606 2674 739 2738 adnotat
773 2675 923 2740 ‘Medion
957 2700 975 2740 ο
997 2679 1037 2760 Ω.
1061 2683 1146 2762 φασί
1151 2708 1163 2759 ;¹
1189 2683 1224 2746 in

113 2785 217 2848 Palat.
238 2781 398 2842 incertum
418 2778 504 2861 φησί
523 2798 565 2838 an
588 2779 679 2856 φασί.
723 2774 811 2840 Illud
831 2779 986 2864 praetuli,
1009 2789 1045 2843 ut
1059 2781 1223 2868 Didymus

113 2885 174 2948 hoc
204 2882 301 2945 etiam
329 2878 502 2942 tradiderit
523 2885 554 2940 et
576 2877 706 2961 quidem
729 2877 763 2938 in
787 2875 881 2961 libro,
904 2881 956 2943 cui
977 2882 1090 2946 titulus
1114 2881 1223 2970 ἐπιμε-

113 2978 231 3067 ρισμός
254 2982 315 3046 τοῦ
336 2980 439 3062 μῆνιν
458 2972 549 3042 ἄειδε
569 2972 635 3040 θεά
653 2976 727 3040 οοῙΙ.
747 2978 896 3045 Boisson.
920 2983 1025 3069 praef.
1044 2984 1087 3049 ad
1098 2984 1221 3056 Herod.

113 3086 209 3171 epim.
238 3105 271 3168 p.
301 3084 350 3144 92
373 3079 503 3143 -Sed
530 3077 689 3142 eiusmodi
716 3078 835 3143 librum
863 3103 921 3147 suo
950 3084 1021 3147 iure
1050 3084 1145 3149 sibilo
1168 3108 1223 3151 ex-

111 3186 211 3272 plosit
224 3182 381 3246 Lehrsius
404 3183 440 3244 in
451 3180 631 3244 Herodian.
653 3203 685 3267 p.
708 3182 770 3243 427
789 3181 878 3268 (coll.
897 3183 1010 3269 425*),
1035 3188 1092 3272 qui
1103 3186 1223 3250 vellem

112 3282 268 3350 nonnulla
294 3281 495 3368 disputasset
526 3282 622 3344 etiam
656 3281 696 3345 de
716 3290 757 3345 et.
780 3305 823 3345 m.
845 3285 924 3366 493,
954 3287 993 3347 22
1015 3287 1087 3352 cod.
1110 3287 1220 3350 Havn.

114 3389 191 3449 1971
218 3377 426 3469 Ἡρῳδιανός
454 3379 491 3445 ἐν
518 3382 687 3464 δευτέροις
711 3375 817 3446 αὐτοῦ
841 3381 1076 3468 ἑπιμερισμοῖς.
1103 3425 1144 3436 -
1166 3388 1220 3452 De

112 3484 293 3570 Penelopes
315 3481 428 3547 fabula
446 3482 517 3546 dixi
535 3483 571 3544 in
592 3492 762 3548 comment.
785 3484 850 3566 IV,
876 3490 889 3547 1
914 3509 946 3571 p.
971 3489 1000 3550 5.

572 3653 681 3714 Ἰ3.

196 3772 298 3836 λ509
326 3769 363 3834 ἐκ
388 3764 545 3850 Σκύρου·
577 3765 713 3850 Σκόρος
742 3768 811 3833 ἐστὶ
839 3767 935 3848 πόλις
955 3772 1134 3846 Δολοπίας.
1178 3769 1219 3848 Q.

110 3876 209 3939 Vind.
236 3874 294 3938 133
316 3869 407 3954 vulg.
428 3870 551 3932 Buttm.
574 3870 662 3935 Add.
684 3894 717 3956 p.
742 3874 803 3934 577
826 3872 968 3937 conferri
985 3870 1077 3935 iubet
1099 3878 1140 3932 et.
1164 3890 1219 3952 m.‚

111 3976 168 4040 ubi
189 3976 207 4052 ξ
227 3969 418 4046 Ὀδυσσείας
443 3971 573 4054 legitur.
621 3971 736 4050 ‘Quod
762 3972 828 4035 nisi
856 3971 961 4036 obiter
989 3971 1025 4034 in
1046 3977 1217 4033 comment.

109 4077 152 4142 ad
170 4078 188 4154 ξ
208 4073 396 4142 observavit
406 4072 570 4158 Didymus
593 4071 822 4155 corrigendum
843 4092 895 4157 ap.
917 4079 1014 4154 etym.
1038 4075 1088 4133 λ.’
1108 4069 1218 4131 Etiam
1343 4091 1346 4096 ¹

111 4197 291 4262 anonymus
311 4175 356 4239 nd
373 4184 418 4238 et.
443 4173 529 4238 Gud.
551 4195 583 4258 p.
610 4173 690 4234 1033
712 4170 759 4234 St.
783 4171 931 4250 adnotat,
954 4169 1051 4233 hodie
1074 4191 1140 4232 non
1159 4189 1214 4232 ex-

112 4285 198 4341 stare
219 4276 283 4341 hoo
309 4275 455 4346 soholion
477 4275 512 4338 in
527 4273 625 4340 'libro
646 4271 789 4338 laudato.
833 4273 940 4336 Loeu's
969 4268 1146 4356 etymologi
1168 4277 1218 4336 est
