2866 4882
1150 343 1211 406 365

100 529 241 596 quonam
270 529 287 571 e
315 515 406 571 tanta
434 507 652 594 Didymorum
686 507 818 572 cohorte
850 504 983 570 Servius
1016 506 1048 571 h.
1075 507 1096 572 l.
1130 516 1213 572 teste

20 627 22 632 ·
99 618 220 674 utatur.
271 607 311 671 In
340 631 475 674 censum
508 611 594 673 enim
619 609 734 674 venire
762 629 859 694 posse
893 608 1022 672 videtur
1049 609 1213 695 Didymus

102 710 348 776 Alexandrinus
371 701 479 776 iunior
497 710 733 794 Georgicorum
755 710 908 795 scriptor,
926 709 1032 794 quode
1048 709 1091 774 ef.
1106 709 1213 774 Necd-

100 811 189 876 hami
208 811 367 898 ‘prolcgg.
404 812 507 899 Geop.
534 810 599 875 vol.
618 811 635 874 l
658 832 690 896 p.
712 809 809 873 LVII
839 809 890 874 ed.
910 810 996 874 Niol.
1040 811 1105 875 Hic
1128 812 1215 876 enim

103 914 266 1000 expilatur
292 913 397 1000 Geop.
420 913 472 977 XI
494 918 524 995 4,
553 913 653 999 inque
681 911 827 976 eiusdem
849 910 925 976 libri
947 933 1018 998 cap.
1041 916 1059 974 5
1079 914 1121 978 ad
1143 934 1214 976 ver·

101 1013 179 1079 bum
207 1016 277 1080 fere
303 1009 457 1100 leguntur
475 1013 617 1096 Graece,
647 1013 688 1076 de
715 1011 834 1100 quibus
856 1011 957 1078 latine
979 1021 1215 1079 commentatur
1241 1080 1243 1083 ,

103 1116 238 1182 Servius
260 1116 281 1180 l.
304 1116 342 1198 1.,
362 1108 477 1180 διττὸν
498 1115 534 1178 at
554 1110 756 1199 κυπάρισσοι
779 1107 887 1196 ὄνομα
909 1115 1062 1199 ἔχουσιν,
1085 1110 1215 1198 χάριτες

101 1214 163 1302 μὲν
186 1213 242 1283 διά
264 1212 326 1301 την
346 1215 482 1300 τέρψιν,
513 1211 715 1298 κυπάρισσοι
738 1210 775 1279 δὲ
795 1212 851 1280 διὰ
874 1210 911 1280 τὸ
933 1211 1031 1281 κάειν
1053 1217 1215 1299 παρίσους

102 1312 183 1395 τοάς
214 1340 250 1382 τε
282 1311 428 1394 κλάδους
458 1316 513 1381 καὶ
549 1311 629 1392 τούς
660 1314 821 1397 καρπούς.
872 1317 1075 1399 Quibuscum
1103 1315 1215 1381 Niolas

103 1419 245 1484 conferri
266 1418 357 1483 iubet
381 1417 532 1488 Eustath.
556 1418 596 1483 ll.
616 1418 644 1481 Β
663 1441 695 1504 p.
710 1421 771 1482 274
799 1418 885 1507 [207]
912 1416 987 1484 κάει
1009 1411 1213 1503 παρίσονςη

104 1516 312 1603 κυπάρισσος
334 1516 490 1596 κλάδους.
524 1520 570 1583 At
590 1520 652 1584 hoc
671 1528 898 1604 argumentum
919 1519 1045 1608 nullum
1065 1527 1123 1584 est.
1154 1519 1216 1581 Pa-

104 1642 174 1684 rum
197 1622 283 1689 enim
301 1619 459 1687 credibile
483 1628 533 1684 est
554 1622 642 1706 ipsos
665 1620 712 1683 rei
735 1622 876 1686 rusticae
898 1623 1089 1709 scriptores,
1111 1621 1216 1707 Didy-

103 1743 191 1784 mum
218 1719 444 1785 Florentinum
469 1721 679 1805 Cassianum,
714 1721 814 1786 alium
842 1723 939 1787 aliam
952 1801 955 1810 Ι
968 1722 1114 1787 fabulam
1136 1724 1217 1787 inte-

105 1823 232 1904 xuisse,
259 1845 340 1908 quas
363 1823 406 1888 ad
429 1845 528 1912 unam
552 1845 663 1888 omnes
686 1825 832 1889 eiusdem
853 1826 995 1890 auctoris
1019 1847 1091 1890 esse
1109 1825 1217 1890 foetus
1247 1867 1250 1874 ·

107 1924 200 1988 stilus
220 1923 374 1988 clamitat.
407 1923 458 1988 Ac
476 1923 684 1990 Needhamus
706 1927 837 2013 quidem
860 1925 1081 2013 Nicolausque
1102 1926 1218 1991 Nesto-

106 2024 151 2088 ris
166 2025 389 2091 Larandensis
411 2047 452 2090 ex
468 2026 573 2112 Lycia
596 2027 802 2111 suspicantur
816 2026 874 2089 has
890 2025 1024 2116 fabulas
1037 2050 1120 2111 esse,
1140 2051 1217 2115 qua·

107 2149 179 2190 rum
202 2126 383 2192 ,nonnullae
411 2126 465 2190 hic
493 2126 645 2210 legantur
672 2127 737 2192 vol.
762 2127 779 2190 I
805 2149 838 2213 p.
860 2126 993 2196 LXIII¹
1012 2127 1069 2212 (cf.
1092 2126 1217 2191 Haller.

106 2224 186 2291 bibl.
209 2227 326 2314 Botan.
348 2228 387 2292 Τ.
409 2228 427 2289 I
448 2251 481 2314 p.
501 2227 574 2313 47),
596 2226 792 2292 Lambecius
812 2237 935 2309 contra,
956 2229 1009 2292 cui
1030 2250 1090 2291 nos
1112 2227 1218 2291 calcu·
1330 2222 1334 2229 ’

107 2327 173 2392 lum
200 2327 366 2411 addimus,
403 2327 565 2415 Pamphili
593 2328 805 2400 Aristarchei.
850 2327 941 2392 Haec
964 2330 1050 2392 enim
1073 2328 1219 2393 Galenus
1344 2325 1347 2330 ’

109 2429 253 2516 Simplic.
275 2430 325 2494 VI
348 2431 486 2518 praefat.
507 2453 539 2517 p.
564 2433 603 2496 68
624 2453 673 2517 pr.
696 2433 736 2494 69
754 2453 804 2516 pr.
828 2425 918 2493 οὕτω
941 2427 995 2513 δη,
1017 2427 1220 2517 inquiet-uoci

109 2531 286 2615 Πάμφιλος
309 2529 488 2615 ἐποιήσατο
510 2529 572 2616 τὴν
598 2531 674 2616 περὶ
698 2534 852 2616 βοτανῶν
870 2534 1113 2614 πραγματείαν·
1143 2524 1219 2595 ἀλλ’
1342 2581 1344 2586 .

36 2631 38 2635 ’
109 2631 235 2708 ἐκεῖνος
265 2632 328 2722 μὲν
361 2637 408 2711 εἷς
441 2656 476 2698 τε
504 2631 640 2718 μάθους
667 2637 783 2722 γραῶν
815 2656 908 2709 τινας
938 2629 1132 2716 ἐξετράπετο
1162 2634 1223 2716 καί

109 2758 201 2811 τινας
231 2738 382 2818 γοητείας
406 2737 656 2819 ΑἰγυπτίαςΙ
673 2730 835 2818 ληρώδεις
865 2729 932 2819 άμα
962 2731 1050 2798 τισὶν
1078 2732 1220 2821 ἐπῳδαῖς

110 2833 174 2899 κτὲ.
218 2836 328 2922 Atque
349 2837 421 2923 ipsa
443 2836 509 2919 illa,
534 2836 621 2922 quod
642 2845 823 2900 memoratu
845 2845 895 2901 est
917 2837 1155 2921 dignissimum,
1180 2836 1220 2900 de

109 2957 263 3023 cupresso
291 2936 404 3001 sabula
432 2945 481 3002 est
506 2937 671 3022 Aegyptia
707 2936 843 3002 Graecis
871 2939 1114 3005 accommodata
1146 2960 1220 3003 con·

105 3035 307 3106 dicionibus.
353 3038 445 3119 Quae
477 3041 564 3103 enim
592 3037 854 3123 Geoponicorum
882 3049 995 3105 auctor
1023 3040 1064 3106 de
1090 3040 1220 3106 filiabus

111 3139 255 3204 Eteoclis
273 3140 418 3223 tradidit,
440 3141 554 3218 eadem
577 3139 617 3203 de
641 3138 817 3226 Cyparisso
839 3163 939 3227 puero
953 3143 1126 3229 ,Aegyptio
1147 3164 1219 3207 nar·

110 3248 161 3303 rat
188 3240 299 3306 Tacta.
328 3242 362 3306 in
391 3241 491 3306 schol.
521 3241 564 3305 ad
593 3262 686 3324 exeg.
712 3243 747 3304 in
768 3240 864 3308 Iliad.
894 3267 926 3330 p.
950 3246 1009 3309 138
1033 3243 1084 3308 ed.
1106 3243 1219 3308 Herm.

111 3337 330 3435 Κυπάρισσος
354 3337 475 3424 ὡραῖος
497 3333 540 3426 ἦν
559 3345 734 3418 νεανίσκος
756 3349 788 3406 Α
794 3340 1009 3428 ίγάπτιος,
1032 3334 1075 3408 ori
1098 3342 1222 3410 πεσόν-

112 3464 168 3519 τος
188 3443 243 3508 καὶ
266 3437 509 3527 άποπνιγίντος
528 3443 566 3508 ἐν
587 3442 705 3527 φρέατι
722 3444 757 3507 oi
776 3439 857 3510 καθ’
878 3437 959 3528 αίμα
973 3448 1036 3509 τοῦ
1057 3445 1138 3510 νέου
1160 3441 1222 3527 τὴν

111 3540 334 3629 κυπάρισσον,
357 3543 456 3629 μήπω
479 3547 691 3629 καλουμένην
711 3543 940 3629 κυπάρισσον,
965 3548 1011 3622 εἰς
1032 3540 1140 3629 ὄνομα
1161 3549 1222 3610 τοῦ

112 3641 257 3728 δένδρου
298 3644 585 3730 κατωνομάκασιν.
653 3647 791 3710 Fontem
840 3645 1002 3732 Pamphili
1041 3645 1222 3732 Didymum

111 3743 214 3809 fuisse
237 3768 257 3809 a
279 3747 565 3813 verisimilitudine
590 3769 655 3812 non
676 3745 839 3812 abhorret.
884 3746 1022 3812 Accedit
1047 3747 1149 3834 quod,
1173 3748 1223 3810 uti

110 3855 198 3912 recte
230 3847 384 3914 observat
415 3847 528 3914 Niclas
560 3848 626 3914 vol.
656 3848 691 3911 II
725 3871 756 3933 p.
778 3851 855 3931 789,
881 3854 913 3933 1,
945 3858 1014 3914 tota
1042 3846 1155 3912 fabula
1182 3846 1223 3910 de

113 3946 262 4033 Daphne,
285 3951 321 4012 in
350 3948 482 4013 scholiis
509 3949 646 4015 Homeri
675 3948 737 4036 (D)
769 3950 880 4015 verbis
912 3958 1062 4015 narratur
1094 3949 1221 4012 iisdem.

112 4037 237 4133 ltaque,
257 4058 294 4113 ut
314 4050 430 4133 dicam,
451 4051 530 4136 quid
549 4051 696 4132 sentiam,
716 4049 863 4136 Geopon.
882 4051 934 4114 XI
957 4059 1053 4138 caput
1071 4049 1119 4113 IV
1142 4047 1222 4134 (vol.

111 4146 147 4209 ΙΙ
173 4170 206 4234 p.
230 4151 292 4214 796
314 4151 387 4237 sq.)¹
406 4173 427 4214 a
453 4151 597 4238 Didymo
627 4150 842 4215 Chalcentero
868 4153 998 4216 videtur
1025 4150 1224 4236 profectum,

111 4247 249 4336 Didymi
271 4250 490 4315 Alexandrini
506 4253 641 4315 iunioris
663 4260 714 4314 est
740 4273 809 4337 cap.
829 4251 860 4316 V
887 4251 928 4314 de
948 4250 1148 4336 plantatione
1170 4271 1224 4313 cu-
