2812 4868
468 1343 830 1420 PRAEFATIO.

607 1540 734 1550 --——.

184 1633 336 1727 Thomae
372 1663 519 1727 Reinesii
559 1665 587 1728 si
622 1672 762 1762 aetatem
794 1663 947 1727 tulissent
985 1664 1210 1751 supplementa

102 1789 251 1867 quattuor
284 1779 442 1846 librorum
474 1781 702 1847 historicorum
731 1783 932 1848 Graecorum
959 1781 999 1845 G.
1030 1782 1058 1846 I.
1088 1782 1209 1864 Vossii,
1331 1811 1335 1818 ·

101 1899 133 1962 in
152 1898 272 1986 quibus
294 1902 524 1983 grammaticos
547 1903 644 1964 etiam
663 1903 699 1965 in
719 1901 865 1966 ordinem
881 1921 901 1963 a
918 1921 953 1964 se
971 1909 1119 1986 receptos
1138 1923 1210 1964 esse

101 2018 169 2103 ipse
195 2017 309 2104 scribit
332 2039 362 2082 a.
390 2021 470 2084 1640
498 2020 532 2084 in
555 2019 695 2106 epistula
716 2019 760 2084 ad
782 2019 964 2104 Gasparem
985 2018 1210 2082 Hofmannum

100 2157 130 2220 p.
153 2138 213 2218 33,
242 2134 379 2217 dudum,
405 2137 535 2222 opinor,
565 2139 728 2203 extitisset
755 2135 838 2200 alter
860 2135 997 2199 Carolus
1019 2135 1207 2218 Muellerus,

102 2255 170 2340 qui,
200 2262 237 2317 ut
256 2253 426 2317 Francisci
450 2255 550 2319 Titzii
578 2258 614 2319 iu
637 2254 777 2320 diatribe
804 2254 845 2319 de
866 2252 1089 2339 Moschopulis
1111 2277 1143 2341 p.
1169 2257 1207 2316 15

101 2373 203 2436 verba
233 2393 306 2436 mea
330 2371 466 2455 faciam,
495 2376 663 2457 negotium
689 2382 874 2438 nostro1um
898 2381 1079 2457 temporum
1111 2373 1208 2456 genio

31 2561 34 2572 ὅ
102 2490 235 2574 dignum
256 2489 299 2552 ad
316 2489 415 2554 finem
431 2491 634 2576 perduceret,
655 2501 692 2556 ut
707 2492 907 2558 Graecomm
924 2493 1210 2574 grammaticorum

101 2610 314 2673 vetustiorum
341 2617 439 2695 atque
467 2608 678 2674 classicorum
706 2632 805 2697 opera
834 2631 899 2675 uno
926 2610 1049 2673 maiore
1075 2630 1209 2693 corpore

102 2726 238 2790 collecta
269 2725 436 2812 probeque
465 2727 614 2792 ordinata
645 2729 806 2792 emitteret
834 2731 869 2792 in
895 2727 1000 2790 lucem
1033 2725 1208 2811 publicam,

101 2844 135 2908 id
156 2845 243 2930 quod
259 2866 301 2908 ex
314 2852 406 2930 parte
420 2844 568 2910 molitum
584 2866 656 2908 esse
673 2845 885 2908 Fredericum
900 2843 1079 2927 Georgium
1094 2842 1210 2930 Thryl-

101 2961 206 3026 litium
234 2972 434 3048 compertum
460 2963 618 3027 habemus
648 2984 666 3026 e
694 2959 831 3026 miscell.
856 2959 947 3046 Lips.
974 2959 1010 3023 II
1032 2985 1063 3047 p.
1086 2964 1147 3024 550
1178 2971 1210 3026 et

103 3079 139 3142 0.
162 3080 215 3143 A..
228 3079 353 3144 Klotzii
370 3082 474 3167 praef.
497 3083 540 3146 ad
562 3082 704 3146 Straton.
728 3082 831 3166 epigr.
846 3101 879 3164 p.
898 3082 947 3142 16.
992 3078 1102 3165 Atque
1124 3087 1210 3144 esset

101 3196 264 3281 profecto,
295 3197 383 3284 quod
409 3199 569 3263 eiusmodi
597 3219 713 3284 corpus
735 3198 798 3261 sibi
821 3197 1055 3282 gratularetur,
1085 3198 1208 3282 siquis

102 3315 346 3380 autFrederiei
363 3315 489 3380 Osanni
511 3317 657 3381 aemulus
688 3317 770 3402 (vid.
796 3315 833 3381 O.
857 3316 1004 3380 Suetonii
1027 3313 1210 3400 Tranquilli

103 3434 142 3497 de
163 3455 301 3518 gramm.
324 3440 356 3496 et
375 3431 549 3497 rhett..lib.
574 3435 625 3498 ed.
645 3435 701 3498 Fr.
724 3433 877 3498 Osannus
898 3457 931 3520 p.
952 3433 989 3518 v)
1024 3435 1209 3517 grammati-

102 3573 223 3635 corum,
246 3552 301 3639 qui
323 3533 684 3616 Alexandriae'Romae
699 3552 852 3638 Byzantii
867 3554 1056 3633 docuerunt,
1079 3553 1209 3614 concin-

102 3693 179 3735 nare
207 3668 466 3752 chronologiam,
495 3689 515 3732 a
541 3670 718 3735 Laurentio
740 3669 896 3736 Lerschio
920 3670 954 3732 in
982 3667 1102 3733 annall.
1124 3669 1210 3732 Mar·

102 3789 196 3874 burg.
222 3791 302 3852 1840
328 3810 361 3873 p.
384 3789 443 3850 118
471 3809 529 3851 suo
552 3789 622 3852 iure
645 3790 879 3870 desideratam,
901 3795 972 3868 aut,
995 3785 1083 3871 quod
1104 3785 1209 3850 Lobe-
1315 3849 1317 3853 .

103 3908 212 3971 ckium
229 3909 265 3970 iu
286 3907 435 3991 parergis
455 3906 497 3969 ad
511 3905 735 3991 Phrynichum
753 3929 785 3991 p.
805 3908 864 3968 181
888 3903 1041 3968 inchoare
1067 3905 1209 3986 memini,

104 4026 293 4090 eruditionis
315 4025 547 4106 grammaticae
566 4025 741 4106 rationem,
764 4021 869 4110 qualis
893 4020 1032 4104 singulis
1054 4022 1207 4103 deinceps

103 4141 300 4228 temporibus
329 4141 414 4204 inter
444 4142 588 4206 Graecos
618 4141 773 4222 obtinuit,
815 4163 843 4203 e¹
865 4139 1013 4224 reliquiis
1039 4136 1209 4220 percipere

104 4260 226 4324 vellet..
