2752 4890
515 393 714 452 -0-
1113 393 1172 453 157

145 567 218 626 450.
243 563 342 644 διχεὸς
361 555 584 642 Ἀρίσταρχος,
606 556 660 621 καὶ
682 555 833 644 ίεμένφ
855 556 909 622 καὶ
926 558 1112 642 ἱεμένων.
1129 558 1171 623 Α.

151 666 235 753 [451.
260 658 399 729 ὄπισθε·
418 655 661 746 Ἀριστοφάνης
685 657 847 744 πρόσθε
871 655 1004 744 γράφει.
1027 662 1083 728 καί
1104 665 1172 729 ἔστι

62 772 191 853 μᾶλλον
213 762 354 848 εὔλογος
375 758 396 848 ἡ
417 758 542 848 γραφή.
565 761 619 848 V.]

146 873 219 934 459.
263 864 452 951 Ζηνόδοτος
471 863 617 949 μάχης,
650 858 745 930 ἄλλοι
768 861 805 927 δὲ
827 860 978 947 μάχην·
1014 861 1173 950 καὶἈρι-

63 967 234 1055 στοφάνης
256 969 292 1034 δὲ
315 965 458 1052 μάχην.
481 968 523 1033 A.

146 1076 220 1137 470.
244 1067 418 1156 ἀμφότερα
435 1069 633 1154 γράφεσδαί
645 1085 750 1154 φησιν
765 1062 783 1132 ὁ
796 1062 1015 1153 Ἀρίσταρχος,
1033 1066 1173 1156 πρςίην

61 1175 117 1241 καὶ
140 1170 317 1256 πρώϊον,
346 1167 471 1236 ταύτὸν
500 1169 537 1236 δὲ
558 1171 591 1250 ἐξ
614 1170 773 1255 ἑκατέρου
795 1174 1029 1255 σημαίνεσθαι.
1072 1165 1173 1256 εὕρο-

62 1301 125 1361 μεν
154 1276 190 1340 δὲ
217 1274 272 1341 καὶ
299 1273 536 1358 έῦστροφον
558 1271 805 1358 γεγραμμένον,
838 1272 892 1337 καὶ
915 1274 980 1356 έχει
1003 1268 1079 1339 τινά
1100 1274 1174 1340 έπί-

67 1395 175 1444 τασιν.
199 1378 240 1442 Α.

144 1484 216 1545 531.
261 1472 418 1562 ἤγαγεν
451 1475 488 1554 ἐξ
518 1473 711 1562 Ἐφύρης·
745 1476 783 1543 έν
813 1473 904 1566 ἄλλῳ
934 1473 1103 1562 ἠγάγετ’
1133 1477 1172 1558 ἐξ

58 1577 247 1666 Ἐφύρης.
290 1580 444 1643 Fortasse
464 1578 665 1665 Didymeum
686 1588 752 1663 θείς
775 1583 920 1668 sequitur
942 1583 1028 1645 enim
1048 1584 1173 1646 Aristo·

62 1687 167 1749 uicum
202 1679 255 1748 Ἐν
277 1680 367 1770 άλλςσ
388 1684 422 1746 in
445 1680 576 1746 scholiis
595 1682 768 1768 Didymeis
789 1682 909 1770 legitur
928 1689 955 1749 Z
972 1687 1031 1749 248
1056 1690 1084 1750 Θ
1102 1689 1171 1749 103.

66 1791 124 1851 137
150 1790 236 1851 νον
259 1791 290 1851 Φ
312 1789 384 1849 535.
408 1787 470 1849 586
494 1784 542 1871 (Σ
561 1786 649 1872 265).

67 1935 70 1940 -
147 1893 219 1954 563.
243 1885 426 1972 χωρλςτοῦ
445 1886 637 1970 συνδέσμου
661 1889 808 1970 ἔγραφεν
825 1880 1035 1972 Ἀρίσταρχος
1058 1890 1176 1954 αἰδο-

62 1992 198 2073 μένων
217 1983 293 2052 άνδ
300 1993 399 2071 ρῶν,
424 1985 556 2065 πάντας
570 1989 626 2054 ἵνα
644 1984 829 2066 ἀσύνδετος
839 1988 1021 2074 γενόμενος
1037 1985 1055 2056 ὁ
1072 1990 1171 2075 λόγος

64 2092 165 2156 πλέον
187 2115 222 2155 τε
244 2092 374 2176 διαστῇ·
383 2089 437 2155 καί
456 2093 583 2174 μᾶλλον
605 2088 747 2177 ἐμφήνη.
792 2086 887 2157 άλλοι
907 2089 944 2157 δὲ
964 2091 1045 2174 μετὰ
1068 2097 1130 2157 τοῦ
1151 2095 1172 2158 δ

64 2194 294 2275 αἰδομένων
314 2187 345 2257 δ’
369 2186 551 2273 ἀνδρῶν.
573 2194 614 2256 A.

147 2301 219 2360 601.
240 2290 481 2378 Ἀριστοφάνης
499 2296 575 2382 (εἰσ)
595 2294 716 2379 μέλλε
730 2289 850 2374 iuncis.
872 2299 913 2360 A.
956 2295 1073 2360 Nonne
1083 2290 1172 2379 Ἀρί-

63 2398 226 2482 σταρχοςῖ
250 2397 324 2462 Non
346 2397 480 2466 offendit
499 2396 628 2461 Nauck.
651 2397 710 2462 Ar.
732 2397 814 2484 Byz.
838 2422 870 2485 p.
890 2401 943 2463 42.

144 2505 312 2582 [610-15.
324 2493 458 2564 *οὐδὲ
478 2495 567 2583 παρὰ
582 2497 762 2587 Ζηνοδότφ
783 2497 820 2563 δέ
842 2488 928 2584 ἦσαν
944 2499 978 2563 οί
990 2499 1098 2564 πέντε.
1117 2499 1170 2580 V.]

148 2605 220 2666 621.
244 2596 399 2685 αὐτήν·
429 2598 537 2680 οὕτως
554 2597 764 2687 Ἀρίσταρχος
784 2598 866 2686 μετά
887 2605 949 2668 τοῦ
967 2627 1004 2686 ν,
1028 2599 1090 2686 τὴν
1111 2602 1171 2666 πέ-

61 2728 154 2789 τραν.
177 2703 218 2768 A.
244 2704 295 2768 Of.
318 2703 386 2769 BL.

139 2806 396 2871 ’Ῥθλδ-ένιοι
423 2804 459 2870 δὲ
482 2800 686 2888 ἀγνοοῦντες
709 2810 844 2871 ποιοῦσι
868 2808 888 2871 δ
896 2803 1008 2882 εινδς
1028 2800 1170 2888 ἀήτης·

61 2903 140 2973 ἀλλ’
164 2904 206 2972 οὐ
228 2909 281 2972 δεῖ
300 2906 445 2992 γράφειν
466 2902 583 2985 οὕτως.
608 2909 649 2974 A.
687 2908 962 2974 Friedlaenderus
984 2910 1171 2973 Aristonico

62 3008 176 3072 tribuit
198 3033 230 3096 p.
245 3012 323 3093 2543
345 3009 425 3074 mihi
441 3010 640 3096 Didymeum
663 3010 793 3074 videtur
814 3020 946 3097 propter
961 3033 1016 3075 vv.
1035 3011 1119 3076 ένιοι
1135 3011 1171 3074 δὲ

63 3112 198 3174 ποιοῦσι
218 3112 509 3194 (μεταποιοῦσιῗ),
530 3110 572 3175 ef.
596 3117 628 3176 A
647 3114 720 3175 423.
1121 3141 1122 3152 ν

148 3214 219 3276 645.
253 3205 324 3277 κατ’
361 3214 434 3276 ένια
460 3216 529 3276 τῶν
557 3207 777 3297 άντιγράφων
801 3214 900 3296 χωρὶς
922 3217 984 3278 τοῦ
1013 3237 1037 3280 π
1063 3203 1169 3279 ἆλτο.

62 3313 161 3396 διχῶς
183 3310 219 3377 δὲ
241 3307 278 3378 τδ
300 3315 630 3398 στρεφδείς,διὰ
649 3319 711 3380 τοῦ
733 3340 754 3380 α
774 3315 829 3381 καὶ
852 3311 908 3382 διδ
925 3320 987 3381 τοῦ
1010 3340 1035 3381 ε.
1059 3316 1100 3381 A.

35 3499 46 3508 ἱ
147 3418 219 3479 004.
254 3410 433 3481 ἀίσσων·
468 3440 520 3501 γρ.
545 3410 684 3496 ἀίξας·
715 3413 926 3502 Ἀρίσταρχος
950 3412 1171 3494 ἀντίοςδιᾶ

62 3519 123 3580 τοῦ
145 3532 176 3580 σ.
206 3516 247 3581 A.
483 3546 486 3550 ·

146 3607 297 3699 ω’ρσεν·
317 3612 528 3703 Ἀρίσταρχος
550 3613 675 3706 ὦσεν,
698 3621 798 3705 χωρὶς
821 3625 882 3688 τοῦ
898 3637 935 3706 ρ.
960 3623 1002 3688 A.

147 3722 219 3783 112.
248 3720 330 3785 Inde
353 3721 394 3786 ab
418 3716 435 3785 ὁ
460 3721 497 3788 δὲ
519 3722 704 3801 Διονύσιος
725 3724 813 3789 haud
835 3727 902 3790 seio
922 3747 964 3788 an
987 3724 1091 3789 verbu
1111 3724 1170 3788 Di-

62 3820 151 3907 dymi
170 3822 244 3885 sint.
289 3822 363 3887 Non
383 3825 509 3889 accedit
529 3825 568 3890 L.
592 3826 837 3891 Friedlaender.
861 3850 893 3913 p.
917 3830 989 3890 255.

147 3926 219 3986 714.
243 3922 391 3988 πέσον·
416 3919 524 4003 οὕτως
547 3921 603 3991 διά
625 3930 687 3990 τοῦ
709 3952 727 3990 ο
749 3929 882 3992 πέσον.
910 3928 952 3992 A.

148 4026 219 4087 737.
242 4019 466 4108 σάμέντις·
480 4022 691 4116 Ἀρίσταρχος
701 4029 802 4114 χωρὶς
817 4023 970 4095 τοῦσού
983 4026 1055 4110 μέν
1070 4049 1116 4088 τι.
1128 4024 1169 4088 A.
1293 4061 1294 4064 ¹

149 4130 221 4191 741.
242 4121 349 4206 οὕτως
367 4124 577 4215 Ἀρίσταρχος
596 4127 663 4195 σδν
683 4135 729 4218 τῷ
751 4157 763 4196 ι
785 4135 977 4215 μειλιχίῃ.
1000 4129 1041 4192 A.
