2866 4882
213 358 275 423 308

213 527 341 593 addidit
368 524 430 590 Th.
452 523 577 610 Bergk.
605 547 687 589 eom.
716 522 785 588 Att.
810 521 904 610 reliq.
932 547 965 610 p.
988 527 1044 608 66,
1078 524 1132 590 cui
1155 534 1333 613 propterea

208 628 335 694 -bellum
354 628 471 692 indicit
488 627 528 691 Ο.
546 625 765 691 Schneiderus
781 649 814 712 p.
830 630 878 690 15.
908 626 1016 690 Huius
1036 627 1137 712 igitur
1151 627 1213 691 tibi
1228 628 1334 692 verba

212 729 464 794 transscribam:
499 729 675 792 ‘Eiusdem
705 727 844 813 Didymi
877 730 1127 793 commentarios
1162 731 1263 793 etiam
1299 731 1334 794 in

213 831 315 896 schol.
339 831 382 894 ad
405 830 527 919 Vespp.
543 834 599 894 151
624 831 745 917 respici
767 830 875 914 credo,
895 829 953 896 ubi
974 830 1056 895 haec
1074 829 1247 915 leguntur:
1271 827 1333 896 τόν

212 931 470 1020 ὑπεκλυόμενον
492 929 588 999 οἶνόν
609 935 695 1016 φασί
712 955 801 1008 τινες
824 934 1003 997 καπνίαν
1025 931 1196 1015 λέγεσθαι.
1223 931 1267 995 ἐν
1288 934 1309 998 δ
1317 931 1332 997 ὲ

212 1051 300 1116 τοῖς
333 1037 428 1121 περὶ
455 1038 674 1120 Κρατίνου
707 1028 944 1118 διώρισται,
977 1028 1029 1100 ότι
1062 1028 1122 1099 τόν
1154 1029 1331 1101 ἀπόθετον

213 1137 308 1205 οἶνον
340 1132 438 1223 daal
470 1131 631 1220 παλαιόν,
674 1130 728 1200 διό
757 1129 979 1219 Ἐιιφαντίδην
1005 1139 1162 1201 Καπνίαν
1200 1142 1331 1202 καλοῦ-

213 1262 279 1307 οιν.
321 1243 406 1306 Nam
428 1240 598 1305 Cratinum
619 1240 679 1302 etsi
705 1238 815 1324 plures
845 1239 1048 1324 interpretati
1071 1247 1146 1303 sunt
1167 1261 1330 1324 gramma-

211 1346 279 1426 tici,
297 1353 408 1407 tamen
431 1341 581 1428 equidem
603 1361 797 1427 quemquam
818 1340 903 1403 inter
925 1361 979 1404 eos
1001 1349 1131 1427 praeter
1145 1340 1330 1426 Didymum

213 1446 259 1510 ita
284 1444 474 1532 simpliciter
500 1445 645 1530 potuisse
669 1441 794 1505 Cratini
817 1443 1029 1528 interpretem
1052 1442 1118 1507 dici
1145 1444 1181 1506 in
1203 1443 1331 1509 Aristo-

212 1547 349 1634 phaneis
372 1546 503 1610 scholiis
525 1543 708 1630 praefracte
731 1545 952 1627 negaverim'
981 1543 1091 1631 Atque
1112 1546 1331 1631 perpendenti

212 1648 292 1711 mihi
313 1647 547 1733 amplissimam
566 1645 750 1730 glossarum
776 1646 1001 1711 Cratinearum
1028 1649 1160 1732 egregie
1185 1648 1330 1733 explica-

212 1759 319 1811 tarum
340 1747 549 1832 farraginem,
564 1769 646 1833 quae
669 1749 747 1834 quin
763 1770 780 1811 e
796 1747 934 1834 Didymi
957 1749 1064 1814 lexico
1085 1750 1210 1814 comico
1224 1758 1330 1814 trans·

214 1849 336 1934 scripta
359 1849 439 1930 sint,
463 1848 597 1912 dubium
621 1871 693 1912 esse
716 1872 781 1913 non
799 1858 923 1936 potest,
947 1851 1092 1915 eiusdem
1114 1850 1253 1936 Didymi
1275 1875 1329 1916 ex-

214 1950 319 2014 titisse
347 1953 595 2012 commentarios
627 1949 796 2015 Cratineos
824 1954 922 2015 etiarn
952 1961 1046 2017 extra
1075 1945 1204 2018 omnem
1235 1954 1329 2019 dubi-

212 2050 369 2114 tationem
391 2049 533 2134 positum
555 2059 614 2113 est.

692 2181 693 2186 ¹
771 2200 781 2228 ι

496 2388 787 2453 Commentarii
809 2389 1043 2477 Eupolidei.

300 2521 558 2609 Eupolidcorum
598 2523 919 2606 commentariorum,
957 2545 1095 2610 quorum
1124 2524 1165 2588 de
1194 2534 1329 2591 auctore

215 2625 346 2689 aliunde
368 2647 433 2689 non
456 2632 598 2706 constat,
619 2634 784 2688 auctorem
803 2624 984 2711 Didymum
1006 2625 1166 2689 fuissent
1187 2636 1328 2713 putaret,

214 2727 409 2792 certioribus
433 2748 529 2812 quam
552 2726 753 2790 Fritzschius
776 2727 810 2788 in
833 2736 957 2813 quaest.
981 2726 1149 2813 Aristoph.
1172 2726 1190 2789 I
1211 2751 1242 2813 p.
1269 2732 1327 2792 146

214 2839 280 2893 not.
311 2828 492 2892 rationibus
518 2837 685 2892 essecutus
717 2837 765 2892 est
793 2828 832 2892 Ο.
863 2827 1052 2893 Solmeider.
1083 2830 1123 2893 de
1153 2828 1266 2892 scholl.
1294 2831 1327 2891 in

214 2932 315 2993 Arist.
337 2929 419 2993 font.
438 2953 470 3016 p.
485 2933 523 2992 16
540 2952 621 3015 sqq,
644 2952 749 3016 neque
772 2930 813 2994 (1.
835 2929 990 2994 Wolffius
1008 2932 1043 2993 in
1065 2932 1143 2995 diss.
1164 2931 1205 2994 de
1227 2930 1327 3016 Scph.

177 3075 179 3079 ψ
215 3030 328 3094 scholl.
350 3031 449 3096 Laur.
472 3054 505 3117 p.
528 3038 565 3096 15
588 3033 623 3094 in
644 3032 742 3095 aliam
766 3033 959 3096 sententiam
982 3032 1150 3115 discessit,
1177 3036 1327 3119 quamvis

214 3151 253 3192 ea
275 3130 315 3193 de
337 3153 372 3194 re
394 3132 500 3195 adhuc
521 3133 672 3197 dubitare
693 3135 791 3197 sciret
811 3133 850 3197 R.
868 3133 1037 3217 Engerum
1054 3156 1129 3197 ann.
1148 3134 1228 3220 phil.
1246 3137 1321 3197 1841

212 3253 245 3316 p.
268 3231 374 3317 935¹).
419 3232 502 3295 Rem
529 3241 639 3297 tamen
669 3235 799 3298 conficit
823 3236 924 3301 schol.
954 3237 996 3300 ad
1017 3236 1127 3323 Apoll.
1148 3236 1254 3300 Rhod.
1278 3236 1327 3300 IV

216 3336 274 3395 144
309 3331 364 3396 καὶ
387 3330 423 3396 ἐν
444 3328 611 3398 Εὐπόλιδι
635 3333 671 3398 δὲ
694 3331 802 3414 οὕτως
824 3338 1089 3421 ἐξηγοῦνται·
1122 3327 1325 3428 ω’όόμβοισι

214 3436 370 3515 μαστίξας
393 3434 466 3519 ἐμέ,
491 3436 564 3500 0011.
590 3437 606 3500 1
631 3441 711 3501 1139
743 3433 838 3504 ἄλλοι
860 3435 897 3503 δὲ
916 3436 1049 3525 ῥόμβον
1074 3445 1255 3523 καλοῦσιν,
1279 3436 1324 3518 ὡς

212 3527 362 3612 Εὔπολις
383 3538 420 3601 ἐν
441 3533 588 3615 Βάπταις
612 3539 667 3603 καὶ
694 3542 894 3624 Δίδυμος.
939 3541 1125 3606 Meinekius
1148 3545 1244 3625 enirn,
1270 3547 1324 3628 qui

212 3636 247 3698 in
267 3636 379 3703 histor.
404 3641 476 3704 crit.
497 3663 529 3726 p.
546 3644 582 3703 14
604 3665 663 3727 pro
687 3646 745 3707 καί
765 3646 896 3730 scripsit
914 3639 969 3727 ὡς,
994 3645 1113 3710 erroris
1131 3645 1324 3708 manifestus

212 3747 271 3802 est.
316 3739 415 3804 Nulla
437 3742 524 3804 enim
545 3741 596 3806 his
618 3744 728 3809 verbis
752 3745 807 3809 καί
827 3746 981 3829 Δίδυμος
1000 3747 1161 3810 sententia
1183 3746 1248 3809 alia
1270 3769 1325 3811 ex-

211 3841 308 3924 primi
330 3850 447 3926 potest,
488 3865 564 3907 uam
585 3846 765 3934 Didymum
789 3849 886 3911 etiam
908 3848 991 3911 hanc
1013 3849 1117 3934 ipsam
1140 3842 1195 3911 διδ
1217 3853 1280 3913 του
1303 3872 1324 3912 υ

212 3939 349 4024 γραφήν
384 3947 576 4010 auctoritate
607 3971 665 4013 sua
699 3950 847 4016 firmasse
874 3951 1024 4036 adposito
1058 3951 1121 4015 hoc
1151 3951 1324 4038 Eupolidis

283 4103 422 4177 l)'Lucee
446 4118 475 4168 in
498 4119 564 4171 diss.
588 4121 622 4171 de
643 4121 754 4171 Cratino
782 4125 813 4171 et*
833 4121 966 4187 Eupolide
988 4140 1015 4188 p.
1035 4123 1070 4173 90
1093 4128 1202 4188 praeter
1227 4124 1325 4174 Galerii

210 4195 293 4247 libros
312 4201 361 4250 tris
381 4200 445 4268 περὶ
463 4203 520 4255 τόν
539 4197 608 4272 παρ’
624 4201 765 4258 Εὐπόλιδι
783 4199 933 4272 ὀνομάτων
949 4207 1103 4259 πολιτικῶν
1122 4209 1189 4258 nihil
1207 4211 1324 4274 amplius

212 4280 341 4335 innotuit.
