2866 4882
214 362 277 428 328

216 526 292 613 Elp
285 524 386 589 mices
409 519 541 585 nomine
563 514 769 595 nobilitasse,
799 509 973 628 Didymus
986 510 1176 576 meminisse
1191 530 1261 572 non
1280 530 1336 594 po

215 635 310 694 terat.
355 619 502 701 Accedit,
524 615 612 704 quod
633 612 801 680 Herodem
821 613 942 678 scimus
964 614 999 679 in
1019 633 1106 699 pago
1126 609 1337 675 Marathonio

216 727 281 794 sibi
302 721 515 790 dilectissimo
535 726 567 782 et
581 717 726 782 voluisse
743 714 877 800 sepeliri
897 723 930 780 et
945 737 1017 779 esse
1035 711 1213 800 sepultum.
1234 711 1337 774 Recte

217 829 318 913 igitur
338 823 610 888 Westermannus
632 817 738 900 biogr.
758 838 789 901 p.
811 817 869 878 189
892 823 925 880 et
946 813 1144 880 Leutsohius
1176 811 1301 876 Philol.
1322 812 1339 874 I

221 933 292 1015 lp.
317 928 376 990 129
406 921 550 1009 Sauppio
578 916 726 983 obsecuti
752 910 893 995 Ὀλόρου
922 936 981 1003 pro
1004 908 1190 997 Ηροδότου
1221 915 1339 980 rescri-

218 1035 363 1118 pserunt.
392 1022 498 1088 Iidem
518 1039 597 1085 vero
618 1017 795 1102 neglegere
814 1037 880 1082 non
902 1015 1064 1081 debebant
1085 1017 1150 1081 duo
1173 1015 1341 1080 elementa

220 1153 281 1214 ηρ,
303 1125 388 1192 male
413 1121 554 1190 truncati
577 1118 730 1184 vocabuli
752 1119 886 1184 rarioris
911 1111 1010 1200 ἠρίον
1029 1117 1197 1204 reliquias.
1244 1117 1339 1201 Lego
1418 1139 1420 1146 ·

218 1232 345 1316 itaque,
378 1225 516 1290 servatis
547 1221 644 1286 simul
671 1220 830 1286 librorum
862 1218 1057 1296 lectionibus
1087 1212 1280 1302 sripturarum
1308 1226 1341 1281 et

220 1324 337 1411 ὄντος,
366 1328 453 1392 ἔνθα
481 1326 704 1389 δείκνυται
729 1315 829 1403 ἠρίον
849 1313 1010 1402 Ὀλόρου,
1039 1318 1094 1383 καὶ
1117 1320 1340 1384 Θουκυδίδου

221 1429 327 1515 τάφος
350 1423 615 1508 εὑρίσκεται,
638 1418 778 1506 δήλον”
758 1445 811 1487 οτι
832 1423 894 1486 τοῦ
915 1415 1108 1486 Μιλτιάδου
1130 1419 1255 1503 γένους
1278 1415 1340 1484 ὅν-

221 1557 277 1610 τος
299 1530 367 1618 (vel
395 1527 530 1614 ὄντων).
575 1526 729 1590 Fortasse
757 1523 892 1605 Olorus,
923 1530 960 1586 ut
987 1523 1044 1608 qui
1067 1522 1210 1588 alatere
1230 1521 1340 1587 Cimo-

221 1636 272 1700 nis
302 1640 404 1712 esset,
434 1628 634 1714 singularem
662 1623 822 1690 tumulum
845 1645 912 1688 non
939 1621 1054 1686 habuit
1079 1624 1136 1710 (ef.
1168 1623 1276 1710 Harp.
1306 1647 1338 1690 v.

221 1729 353 1819 ἠρίον),
384 1730 442 1796 sed
464 1751 624 1794 unacum
644 1724 795 1812 pluribus
822 1723 1001 1810 gentiliciis
1029 1724 1175 1789 eiusdem
1204 1747 1340 1790 mensae

223 1830 411 1920 (τραπέζης)
433 1830 597 1916 particeps
616 1827 688 1892 fuit.
722 1825 810 1891 Hine
831 1825 929 1894 facile
951 1823 1169 1910 intellegitur,
1194 1827 1275 1912 quid
1298 1827 1341 1891 sit

223 1933 311 2022 quod
339 1930 543 2017 Thucydidis
571 1927 757 2012 sepulcrum
787 1919 994 2008 εὑρίσκεται,
1028 1926 1120 1992 Olori
1148 1927 1340 2014 sepulerum

224 2037 406 2100 δείκνυται.

308 2135 455 2200 Transeo
475 2130 570 2212 adb'.
592 2131 682 2194 32-
690 2130 742 2192 34.
786 2127 894 2192 Locus
912 2137 1069 2194 tractatus
1090 2152 1165 2196 cum
1186 2131 1340 2219 exemplo

224 2241 282 2321 sit,
310 2237 399 2301 vitae
422 2231 624 2318 Thucydidis
655 2230 716 2294 hac
743 2230 907 2296 medicina
922 2254 1016 2319 opem
1038 2232 1118 2296 ferri
1139 2255 1207 2297 non
1229 2255 1339 2320 posse,

224 2348 260 2404 ut
283 2332 423 2401 frustula
444 2328 635 2395 nonnullaa
654 2332 821 2418 proposito
841 2332 948 2397 aliena
970 2332 1226 2418 proscribantur,
1249 2333 1340 2420 quod

224 2433 428 2522 corruptelae
456 2453 499 2495 ex
525 2439 616 2517 parte
644 2431 804 2496 eiusmodi
824 2433 904 2517 sint,
930 2442 967 2499 ut
993 2435 1058 2498 nisi
1083 2436 1340 2522 transpositione

225 2539 401 2606 verborum
432 2532 636 2598 admissariis
669 2533 793 2598 mederi
824 2558 890 2600 non
922 2538 1027 2623 possit
1062 2537 1119 2623 (cf.
1155 2541 1186 2618 ξ.
1220 2540 1260 2600 22
1294 2539 1338 2604 Η

225 2638 369 2728 steph),
400 2657 466 2700 non
488 2631 626 2718 amplius
649 2633 762 2700 dubito
791 2637 871 2723 quin
895 2637 1010 2703 eodem
1032 2637 1251 2725 qualicunque
1272 2662 1340 2706 mc·

226 2743 389 2810 dicamine
405 2737 448 2802 ad
470 2733 672 2800 emendanda
694 2739 804 2823 capita
825 2741 876 2804 32.
901 2742 952 2805 33.
979 2743 1020 2804 34
1040 2742 1089 2804 uti
1110 2740 1205 2805 nobis
1228 2741 1338 2808 liceat.

226 2846 310 2910 Sunt
334 2841 391 2928 qui
413 2845 559 2918 narrent,
586 2835 797 2904 Marcellinus
818 2839 935 2923 refert,
965 2840 1192 2927 Thucydidem
1213 2841 1340 2908 ibidem

225 2952 388 3008 mortuum
416 2961 504 3020 esse,
529 2936 587 3002 ubi
612 2936 689 3001 exul
713 2938 845 3008 vixerit.
906 2941 936 3004 E
964 2944 1126 3008 contrario
1154 2943 1339 3030 Didymum

225 3046 357 3130 Zopyro
376 3040 476 3105 fidem
496 3061 561 3105 non
579 3037 797 3122 abnegantem
818 3042 958 3126 tradere,
980 3043 1072 3108 Olori
1092 3044 1196 3109 filium
1218 3046 1260 3112 ab
1283 3069 1340 3112 ex·

226 3146 283 3211 ilio
315 3142 470 3207 reducem
501 3140 641 3204 Athenis
664 3141 807 3206 occisum
840 3163 928 3226 esse,
961 3144 1165 3232 eundemque
1197 3147 1339 3213 festivae

226 3245 364 3309 aliorum
396 3243 591 3327 scriptorum
623 3241 769 3325 opinioni
801 3264 998 3329 repugnare,
1031 3248 1088 3333 qui
1117 3248 1153 3311 in
1172 3247 1339 3314 Thracum

226 3346 347 3411 finibus
368 3366 441 3408 eum
456 3342 599 3420 violenta
616 3350 720 3406 morte
732 3343 857 3427 perisse
872 3344 1013 3430 tradant,
1035 3348 1169 3414 Timaeo
1188 3349 1243 3414 vel
1256 3351 1339 3416 risui

227 3444 313 3526 dato,
335 3442 391 3531 qui
402 3441 630 3529 Thucydidem
643 3442 679 3504 in
691 3440 788 3506 Italia
801 3441 887 3507 diem
900 3466 1084 3530 supremum
1097 3447 1220 3512 obiisse
1232 3449 1340 3514 hario-

226 3545 311 3610 latus
334 3546 386 3610 sit.
431 3546 503 3608 Iam
519 3565 598 3608 vero
622 3545 707 3608 inter
729 3543 831 3608 verba
850 3542 888 3608 ἐν
907 3554 976 3621 τοίς
998 3540 1159 3629 ἄρχουσιν
1186 3559 1217 3613 et
1239 3546 1277 3614 τδ
1302 3545 1337 3615 δ’

225 3648 264 3713 ἐν
285 3645 403 3736 Ἰταλίη
430 3656 589 3733 apparent
613 3646 717 3711 verba
742 3646 976 3712 molestissima
1009 3641 1074 3728 e’yni
1107 3647 1143 3712 δὲ
1169 3647 1340 3735 Ζιόπυρον

225 3759 341 3835 ληρεῖν
363 3752 485 3832 νομίζω
508 3750 631 3812 τοῦτον
652 3747 690 3812 ἐν
708 3745 825 3835 Θρᾴκη
846 3748 1115 3831 τετελευτηκέναι
1130 3748 1195 3815 κτὲ.
1224 3751 1338 3832 Quid?

224 3854 393 3940 Zopyrum
413 3872 434 3914 a
455 3857 557 3914 semet
580 3851 651 3936 ipso
679 3852 727 3914 ita
748 3850 956 3933 discessisse,
984 3859 1022 3914 nt
1048 3849 1277 3938 Thucydidem
1303 3858 1340 3918 in

225 3954 367 4018 Thracia
375 3958 543 4015 'mortuum
567 3973 638 4015 esse
659 3950 818 4034 traderet,
840 3973 937 4037 quern
958 3952 1054 4016 modo
1076 3951 1216 4016 Athenis
1239 3954 1339 4018 inter·

224 4055 347 4120 fectum
367 4051 558 4118 retulisset?
593 4052 714 4130 Credat
735 4052 878 4118 Iudaeus
900 4044 1029 4138 Apella.
1074 4052 1168 4117 Unus
1190 4054 1338 4120 Ritterus

223 4178 255 4240 p.
280 4158 318 4218 12
347 4154 436 4218 locos
461 4151 645 4239 pugnantes
675 4152 888 4217 reconciliare
912 4160 1047 4218 conatus
1084 4151 1197 4232 ‘Quae
1228 4156 1340 4239 pravi-

222 4263 288 4340 tas,
317 4264 353 4319 ut
382 4264 588 4337 amoveatur,
618 4253 740 4341 inquit,
781 4255 940 4340 distingui
961 4263 1088 4344 oportet
1113 4264 1150 4320 ut
1178 4277 1239 4340 ego
1272 4256 1339 4324 feei
