2806 4860
172 375 231 436 144
440 429 441 432 ,
629 378 830 438 -Λ-

256 543 329 604 455.
353 533 462 618 οὕτως
479 535 688 627 Ἀρίσταρχος
715 539 770 609 διὰ
792 547 855 608 τοῦ
884 567 924 627 μ,
956 537 1012 626 ἔμ’
1039 545 1079 607 εί
1093 565 1137 608 κε
1159 540 1288 609 θάνω.

173 645 203 706 εί
224 641 261 707 os
276 637 331 706 διὰ
352 644 413 706 τοῦ
431 663 455 706 ιτ
470 643 569 709 ἐπεί
584 667 629 709 κε
651 641 788 730 θάνοι,
811 648 1078 730 γραμματιστῶν.
1101 645 1144 709 A.

256 747 330 808 457.
354 735 483 810 εἷλκε·
502 739 712 832 Ἀρίσταρχος
733 745 845 814 ἕλκε.
874 748 916 813 A.

160 855 163 864 ‘
257 848 329 910 458.
353 837 454 930 αἷμα
469 845 515 913 δέ
528 848 860 928 οίσιιασθέντοςς
882 843 1214 933 οὕτωςἈρίσταρχος
1232 846 1288 928 οἱ,

172 941 252 1034 αἷμα
268 947 305 1014 δὲ
322 944 413 1036 αὐτῷ
428 951 474 1037 τῷ
494 943 652 1016 Ὀδυσσεῖ.
675 951 689 1038 ΙΙ
711 949 902 1034 Ζηνόδοτος
917 948 954 1016 δὲ
968 947 1099 1033 ’γράφει
1121 939 1222 1032 αἷμα
1244 946 1288 1010 δὲ

171 1041 221 1116 οὗ
239 1049 519 1127 σπασθέντος·
541 1055 668 1134 γίνεται
687 1048 725 1118 δὲ
741 1049 777 1118 τό
795 1052 933 1137 ἑαυτοῦ,
956 1046 977 1117 ό
995 1047 1057 1136 οὐχ
1076 1046 1220 1136 ἁρμόζει.
1244 1048 1286 1111 Α.

256 1155 329 1217 466.
352 1153 467 1218 λκετο
490 1149 626 1238 φωνή·
643 1149 854 1240 Ἀρίσταρχος
874 1148 974 1219 ἵκετ’
998 1148 1113 1236 ἀϋτή.
1135 1152 1177 1216 A.

195 1315 196 1318 ,
256 1258 329 1321 515.
354 1249 537 1342 (άθετείται
558 1257 628 1340 μ).
658 1256 713 1322 καὶ
732 1251 974 1341 Ἀριστοφάνης
999 1253 1188 1340 προηθέτει.
1220 1256 1287 1335 Ζη-

173 1353 316 1433 νόδοτος
339 1352 376 1420 δὲ
399 1350 479 1422 οὐδὲ
502 1357 661 1441 ἔγραφεν.
684 1358 726 1424 A.

257 1461 329 1522 537.
353 1459 395 1522 αλ
415 1454 445 1522 τ’
470 1453 535 1524 ἄνι’
559 1457 852 1544 ἐπισσώτρων·
876 1453 983 1535 οὕτως
1011 1454 1095 1524 κατὰ
1124 1461 1287 1522 συναλοι-

174 1554 245 1644 φὴν
268 1559 304 1623 ἐν
323 1569 394 1636 ταῖς
415 1555 640 1646 Ἀριστάρχου.
661 1563 704 1626 A.
772 1629 775 1636 ,
1155 1581 1156 1584 ’

259 1663 331 1725 538.
354 1655 462 1737 οὕτως
480 1656 690 1748 Ἀρίσταρχος
710 1663 832 1749 ῥῆξαί
852 1686 893 1728 τε
910 1658 967 1728 διὰ
985 1663 1047 1725 τοῦ
1069 1681 1114 1724 τε.
1136 1657 1179 1722 A.

259 1765 331 1826 539.
355 1761 528 1846 δουρός·
544 1758 757 1850 Ἀρίσταρχος
776 1767 796 1829 δ
804 1767 901 1849 ονρί
921 1759 1003 1828 κατὰ
1026 1755 1174 1844 δοτικήν.
1198 1758 1239 1822 Α.

259 1865 332 1927 546.
353 1857 593 1950 Ἀριστοφάνης
612 1862 662 1931 δι’
688 1861 846 1950 ὁμίλου.
868 1868 909 1932 A.

257 1968 330 2030 549.
353 1959 442 2030 οὕτω
468 1963 524 2046 διὰ
544 1973 605 2032 τοῦ
626 1991 644 2032 o
667 1968 906 2034 ἐσσεύοντο.
927 1967 969 2030 Α.

263 2071 335 2131 553.
358 2061 509 2135 ἀντίοι·
528 2064 738 2155 Ἀρίσταρχος
760 2067 816 2136 διὰ
834 2073 895 2134 τοῦ
916 2093 938 2133 ν
958 2063 1111 2132 όντίον.
1139 2066 1182 2131 Α.

259 2171 331 2232 564.
354 2169 618 2254 τηλέκλητοι·
636 2166 847 2257 Ἀρίσταρχος
862 2163 1284 2254 πολυηγερέες.Α·[7·]

260 2274 332 2335 606.
353 2266 564 2356 Ἀρίσταρχος
584 2271 759 2358 ἑστήκει.
782 2275 824 2338 A.

261 2375 333 2436 622.
359 2367 467 2452 οὕτως
486 2370 541 2439 διά
564 2375 705 2460 τοῦτέ,
727 2372 904 2440 στάντε.
928 2373 971 2446 A.

260 2475 332 2538 632.
360 2474 460 2557 διχοός
490 2473 699 2561 Ἀρίσταρχος
732 2467 794 2560 ἧχ’
828 2471 846 2542 ὁ
875 2470 1045 2560 γεραιός
1077 2474 1133 2537 καὶ
1161 2464 1235 2552 εἶχ’
1266 2461 1283 2530 ὁ

177 2571 363 2657 γεραιός.
385 2577 427 2641 A.

261 2679 334 2740 672.
361 2681 584 2764 βοηλασίῃ·
608 2673 716 2757 οὕτως
732 2679 768 2745 δὲ
791 2678 908 2754 ἑνικεός
923 2672 1150 2762 Ἀρίσταρχος·
1184 2676 1285 2757 15⁰⁷]-
1394 2717 1396 2721 ·

175 2777 304 2863 λασίη.
347 2779 389 2844 Α.
414 2774 550 2858 Ἐνικοὸς
579 2781 708 2868 saepius
732 2779 852 2866 legitur
881 2782 915 2844 in
944 2777 1044 2844 schol.
1068 2775 1166 2857 Did„
1198 2780 1234 2838 ut
1256 2795 1284 2835 e.

174 2897 207 2957 g.
230 2881 262 2940 A
286 2881 345 2944 196
368 2886 409 2947 Μ
431 2886 470 2947 79
488 2886 526 2946 Ν
545 2886 615 2946 179.
976 2895 990 2904 ’

261 2981 333 3045 686.
355 2977 498 3066 χρέος·
521 2977 631 3061 οὕτως
650 2977 860 3067 Ἀρίσταρχος
881 2982 1019 3065 χρέος.
1044 2979 1087 3045 Ι).

261 3085 333 3148 686.
346 3083 786 3173 ΑεὶελοηίολλἈριστοφάνης
800 3081 837 3148 δὲ
848 3095 984 3166 χρεῖος
996 3081 1051 3147 καὶ
1063 3075 1234 3163 ὠφείλετο.
1243 3077 1283 3141 A.

261 3187 333 3252 688.
358 3180 551 3270 όφειλον·
573 3181 681 3263 οὕτως
697 3180 1120 3270 Ἀρίσταρχοςόφειλον·
1138 3177 1235 3248 ἄλλοι
1249 3179 1285 3248 δὲ

177 3279 367 3369 ὄφελλον.
390 3289 433 3354 Α.
460 3283 684 3370 [Ἀρίσταρχος
702 3281 890 3369 όφετλον.
912 3284 968 3361 V.]

261 3392 333 3453 765.
357 3429 400 3441 -
421 3386 611 3472 Ζηνόδοτος
631 3382 711 3452 οὐδὲ
733 3390 889 3472 ἔγραφεν.
912 3388 954 3452 A.

261 3493 333 3554 764.
354 3529 397 3543 --
419 3485 606 3575 ἠθετοῦντο
629 3488 684 3554 καὶ
707 3485 797 3574 παρά
813 3483 1044 3573 Ἀριστοφάνει
1067 3486 1102 3551 oi
1108 3494 1168 3554 ιθ.
1193 3489 1257 3551 B«

263 3585 471 3674 773.μηρι”
496 3591 607 3674 ἔκηε·
624 3585 836 3676 Ἀρίσταρχος
861 3595 986 3676 μηρία
1005 3600 1108 3666 καῖε.
1134 3588 1176 3653 Α.

262 3693 333 3754 782.
357 3687 575 3776 ἠθέλετον·
594 3688 783 3776 Ζηνόδοτος
805 3689 1023 3777 ἠθελέτην.
1042 3691 1102 3755 A.-

212 3835 215 3841 .
262 3792 334 3856 831.
358 3787 622 3876 δεδιδάχθαι·
645 3790 836 3878 Ζηνόδοτος
853 3791 1070 3860 δεδόσθαι.
1090 3794 1132 3858 A.

261 3895 333 3958 838.
357 3895 434 3959 ἔοι·
457 3891 646 3979 Ζηνόδοτος
666 3893 722 3962 διὰ
742 3900 804 3962 τοῦ
826 3919 847 3980 η
869 3897 951 3980 ἔην.
973 3896 1015 3962 A.
1128 3933 1130 3936 ·

263 3998 334 4074 841.
358 4006 446 4060 osto
468 3995 650 4082 μεθήσω·
673 3995 863 4085 Ζηνόδοτος
883 3991 957 4062 σεῖ’
982 3992 1188 4080 ἀμελήσω·
1212 4013 1286 4058 not*

176 4092 429 4181 ητικότερονδὲ
454 4094 491 4163 τό
513 4097 637 4182 ἕτερον.
659 4104 700 4165 A.
745 4101 837 4164 Haeo
860 4107 999 4186 quatuor
1014 4098 1115 4164 verba
1129 4119 1189 4162 nos
1204 4113 1287 4160 oom-

176 4206 317 4282 movent‚
339 4207 375 4263 ut
390 4200 536 4286 Didymo
558 4201 738 4266 tribuamus
758 4202 817 4265 has
832 4201 1070 4283 adnotationes,
1091 4217 1287 4287 quamquam

176 4300 383 4365 Aristonicus
406 4301 530 4366 eisdem
551 4303 591 4368 de
614 4301 807 4368 lectionibus
829 4304 953 4368 dixisse
976 4302 1140 4388 putandus
1163 4309 1223 4365 est.
