2894 4890
204 374 267 434 236

205 543 250 625 τςό
280 540 416 624 Χρομίφ
443 536 560 620 ἐχρῆτο
587 533 721 624 ἑταίρῳ,
751 538 857 620 δῆλον
882 534 985 601 πάλιν
1013 537 1046 614 ἐξ
1076 524 1125 600 τόν
1151 551 1236 619 φησι
1260 539 1321 600 Τί-

204 664 301 725 μαιος
329 639 367 704 έν
398 643 438 725 τῇ
467 638 607 725 δευτέρᾳ
636 635 779 722 γράφων
807 634 930 716 οὕτως·
964 635 1168 722 ἐπιτρόπους
1191 637 1229 701 δέ
1256 641 1320 702 τοῦ

205 739 324 820 παιδός
349 735 421 826 μετ’
452 740 583 805 ἐκείνου
607 739 808 822 κατέστησεν
834 735 1052 825 Ἀριστόνουν
1078 736 1134 804 καὶ
1163 735 1319 822 Χρόμιον
1439 815 1441 820 Ι

204 839 284 922 τούς
305 841 482 927 κηδεστάς,
509 840 642 918 τούτοις
663 836 728 924 γὰρ
751 836 776 905 ὁ.
791 842 907 907 Γέλων
929 842 1054 908 δέδωκε
1076 835 1135 917 τὰς
1157 835 1318 922 ἀδελφός.

290 946 420 1010 Dissen.
433 969 465 1032 p.
478 948 540 1010 460
551 944 637 1009 conf.
650 943 740 1008 iubet
751 944 874 1009 Herod.
887 943 1023 1007 V11154
1037 942 1205 1009 edWess.
1220 941 1319 1006 Goel-

203 1049 269 1114 ler.
286 1049 327 1112 fr.
358 1048 422 1112 Sic.
451 1072 483 1134 p.
507 1048 585 1128 3073
615 1047 656 1111 de
682 1035 783 1111 fluvic
811 1044 934 1110 Heloro
960 1045 1092 1110 Cluver.
1122 1044 1187 1109 Sic.
1210 1053 1278 1109 ant.
1303 1047 1320 1109 I

206 1153 244 1213 13
266 1150 375 1237 Heyn.
396 1151 496 1234 Verg.
515 1149 600 1212 Aen.
623 1148 677 1211 ΠΙ
697 1150 770 1212 698.
814 1147 911 1211 Adde
933 1146 1082 1233 Thucyd.
1106 1145 1155 1211 VI
1179 1150 1230 1210 70.

734 1285 784 1346 52.

287 1403 382 1487 Nem.
405 1409 427 1469 I
446 1409 483 1468 51
516 1415 689 1487 σεμνοῖς
710 1402 929 1478 δαπέδοις·
958 1413 1026 1477 τοῖς
1052 1403 1225 1486 Νεμείοις,
1249 1425 1320 1484 φη-

205 1506 260 1569 σὶν
293 1499 311 1570 ό
342 1509 544 1589 Δίδυμος·
577 1508 720 1589 πλησίον
752 1500 816 1587 γάρ
849 1502 919 1567 ἐστι
950 1506 1142 1580 Σικυῶνος·
1168 1496 1319 1587 Ὅμηρος

221 1609 326 1671 3572
352 1631 359 1646 ·

206 1609 219 1694 i
328 1609 341 1695 )
369 1702 444 1772 ἔνθ’
461 1700 645 1792 ’Ἄδρηστος
667 1701 773 1794 πρῶτ’
798 1705 1049 1790 ἐμβασίλευσεν.

739 1845 790 1905 53.

289 1962 333 2026 ib.
361 1967 418 2026 114
441 1987 474 2049 p.
498 1968 558 2028 507
590 1965 680 2028 ίδεν
702 1954 893 2050 Λυγκεύς
915 1956 1043 2042 δρυός
1069 1958 1112 2024 έν
1131 1960 1320 2045 στελέχει

204 2058 400 2148 ἡμένους·
421 2060 438 2129 ό
459 2064 520 2149 μέν
539 2060 751 2147 Ἀρίσταρχος
771 2058 859 2140 ἀξιοῖ
876 2058 1021 2144 γράφειν
1044 2057 1218 2148 ἥμενον,
1238 2057 1318 2128 ἄτιο-

204 2161 340 2242 λούθως
363 2170 403 2252 τῇ
424 2166 461 2231 ἐν
482 2176 551 2243 τοῖς
571 2167 767 2251 Κυπρίοιςὶ)
793 2163 956 2248 λεγομένῃ
977 2164 1123 2250 ἱστορία·
1147 2158 1165 2228 ό
1187 2160 1252 2248 γὰρ
1277 2160 1319 2229 wi

191 2265 342 2351 ·Κύπρια
371 2264 567 2351 συγγράψας
603 2266 684 2350 φησὶ
712 2264 772 2331 τόν
800 2260 957 2348 Κάστορα
991 2265 1028 2329 έν
1056 2269 1095 2352 τῇ
1125 2267 1206 2350 δρυῒ
1231 2288 1318 2350 κρυ-

206 2370 337 2452 φθέντα
369 2364 522 2452 ὀφθῆναι
556 2364 622 2433 ὑπό
659 2366 833 2450 Λυγκέως·
851 2375 852 2378 ’
867 2371 908 2452 τῇ
941 2361 980 2431 δέ
1011 2361 1096 2453 αὐτῇ
1124 2371 1239 2454 γραφῇ
1263 2369 1319 2433 καὶ

203 2466 454 2554 Ἀπολλόδωρος
475 2470 543 2559 (III
568 2475 623 2552 11,
652 2471 686 2555 2)
713 2463 999 2552 κατηκολούθησε.
1045 2465 1129 2552 πρὸς
1151 2463 1213 2554 ούς
1233 2486 1318 2552 φησι

205 2573 411 2657 Δίδυμος,
435 2567 636 2656 ἀμφοτέρων
658 2565 725 2664 ὑπό
742 2574 781 2655 τῇ
797 2571 878 2653 δρυίΙ
892 2565 1082 2652 λοχώντων,
1105 2574 1166 2634 τοῦ
1182 2567 1318 2636 Κάστο-

116 2715 118 2726 .
205 2699 264 2758 ρος
282 2675 337 2739 καὶ
358 2679 420 2740 τοῦ
433 2670 701 2757 Πολυδεύκους,
730 2667 836 2754 μόνον
858 2665 876 2735 δ
897 2670 1051 2753 Λυγκεύς
1077 2668 1138 2736 τόν
1159 2669 1317 2755 Κάστορα

206 2772 273 2842 εἶδε
305 2777 346 2865 (l.
365 2771 501 2862 ἀνεῖλε).
547 2769 674 2858 μὴποτε
705 2763 770 2838 ούν
800 2775 866 2856 δεῖ,
896 2775 1017 2856 φησίν,
1046 2766 1316 2856 ἀναγιγνώσκειν

205 2875 267 2961 τὴν
285 2876 548 2961 παραλήγουσαν
570 2871 743 2960 συλλαβὴν
763 2870 932 2953 ὀξυτόνως
960 2867 1151 2958 ἡμένοςὴ
1176 2871 1232 2940 διὰ
1255 2877 1318 2939 τού

206 3001 250 3055 ως
279 2973 462 3062 ἡμένως,
488 2979 546 3042 ἵνα
574 2971 646 3041 κατ’
677 2971 805 3060 ἀμφοῖν
830 2971 1008 3057 ἀκούηται·
1054 2969 1070 3039 ὁ
1100 2973 1138 3039 δέ
1160 2972 1318 3059 Λυγκεύς

204 3076 308 3160 δρυός
326 3078 363 3142 ἐν
381 3075 525 3158 στελέχει
547 3071 681 3161 ἡμένος,
703 3073 775 3142 ἀντὶ
795 3080 857 3141 τού
874 3070 1035 3161 ἡμένους,
1056 3073 1214 3161 δηλονότι
1235 3075 1317 3156 τούς

204 3176 455 3260 Διοσκούρους·
482 3172 527 3254 ὡς
545 3173 708 3256 ἀελλόπος
728 3177 782 3243 καὶ
797 3181 912 3258 τρίπος
936 3179 990 3266 (ΙΙ.
1005 3183 1038 3243 Ω
1051 3178 1118 3264 77),
1138 3174 1219 3262 1ούχ
1240 3177 1318 3257 έδος

205 3280 290 3364 ἐστί,
312 3279 454 3362 γεραιέ’,
476 3274 551 3344 ἀντὶ
573 3282 635 3342 τού
658 3274 720 3362 ούχ
742 3279 840 3356 έδους
868 3280 921 3367 (Il.
946 3285 979 3345 X
1001 3282 1085 3367 164).

215 3411 216 3414 ·
289 3380 436 3446 Boeckh.
461 3388 493 3443 et
509 3380 643 3442 Dissen.
665 3403 697 3465 p.
720 3383 798 3463 474,
821 3404 895 3444 cum
918 3390 1041 3445 certum
1061 3381 1219 3464 habeant,
1239 3383 1317 3450 Pin-

205 3485 320 3548 darum
341 3484 376 3546 in
408 3481 499 3544 nulla
525 3503 561 3543 re
590 3503 609 3544 a
637 3481 835 3548 carminibus
860 3481 990 3568 Cypriis
1010 3481 1215 3566 discessisse,
1239 3485 1319 3547 scri-

205 3586 287 3650 bunt
308 3575 461 3668 ἡμένους.
497 3583 646 3647 Eandem
668 3583 842 3648 lectionem
863 3583 1028 3667 Bergkius
1047 3606 1079 3670 p.
1099 3586 1157 3649 193
1180 3584 1317 3670 recepit,

205 3696 348 3751 ceterum
370 3686 410 3748 in
431 3685 494 3749 hoc
522 3684 641 3767 falsus,
671 3685 759 3771 quod
787 3707 807 3747 a
828 3684 973 3769 Didymo
997 3684 1180 3749 Aristarchi
1207 3683 1318 3748 lectio-

204 3810 279 3852 nem
303 3783 431 3871 ἥμενον
461 3795 574 3851 ccntra
594 3780 823 3871 grammaticos
851 3779 974 3868 ἡμενος
1003 3786 1182 3850 scribentes
1205 3785 1319 3849 defen-

204 3912 273 3953 sam
303 3911 375 3952 esse
407 3889 496 3952 dicit.
541 3888 570 3950 E
594 3887 762 3952 codicibus
788 3909 872 3952 unus
894 3887 1109 3970 Augustanus
1131 3885 1158 3950 O
1185 3885 1320 3950 exhibet

274 4060 299 4126 l)
323 4061 357 4110 In
381 4060 541 4126 Cypriorum
566 4060 719 4126 fragmento
746 4029 880 4109 Boeckhii
898 4049 993 4122 ἡμένα
1020 4049 1106 4122 ἄμφω
1131 4055 1229 4121 κοίλης
1252 4057 1319 4107 ferri

202 4147 310 4211 nequit,
338 4147 410 4211 quod
433 4146 531 4204 κοῖλος
552 4148 577 4196 h.
599 4164 623 4197 e.
648 4141 745 4203 κόϊλος
765 4147 879 4210 primam
898 4147 1031 4211 syllabam
1049 4145 1102 4204 nisi
1125 4146 1153 4193 in
1170 4145 1242 4194 thesi
1260 4160 1315 4192 non

200 4230 296 4293 habet,
332 4248 495 4301 quamquam
524 4229 603 4299 δείλη
632 4233 666 4281 ab
695 4233 757 4282 aliis
784 4227 863 4295 δείλη
894 4233 1103 4297 pronunciatum
1134 4231 1163 4279 in
1186 4230 1241 4280 arsi
1269 4229 1315 4279 ad-

203 4315 333 4366 mittitur.
568 4309 569 4314 ¹
