2894 4890
213 341 275 408 262

212 514 235 579 l.
248 511 271 576 l.
292 533 325 597 p.
341 506 435 590 236);
457 504 500 568 ad
521 505 600 568 Ant.
624 523 693 585 arg.
720 510 753 565 et
772 499 933 585 13511111.
954 497 1066 564 Wolff.
1088 519 1120 584 p.
1134 499 1174 559 27
1197 494 1329 559 Nauck.

213 635 245 698 p.
267 614 327 674 257
348 607 394 672 M.
415 605 571 671 Dittrich.
590 603 625 666 in
646 601 765 666 Philol.
788 601 804 664 Ι
827 623 859 687 p.
883 601 969 686 226).
1014 599 1167 684 Denique
1185 597 1331 661 Aristar-

214 712 295 777 chus
317 730 462 796 quoque,
481 704 629 792 quamvis
648 703 824 767 reticeatur
845 723 963 766 nomen
986 701 1064 781 eius,
1090 696 1257 762 adhibitus
1281 705 1332 759 est

215 813 250 877 in
283 809 384 876 schol.
418 808 461 872 ad
487 807 539 870 El.
571 809 590 868 6
624 800 834 868 λυκοκτόνου
863 804 950 866 θεοῦ
977 800 1051 864 coll.
1078 796 1224 884 Hesych.
1249 818 1276 860 s.
1297 819 1330 860 v.

216 912 309 978 Idem
329 908 499 995 Sophoclis
518 905 666 970 Troilum
687 904 842 967 tractavit
862 911 947 967 teste
964 900 1110 988 Hesych.
1135 921 1161 964 s.
1184 921 1217 962 v.
1239 897 1334 962 ἐλαι-

217 1017 325 1095 οὖται,
344 1011 401 1076 ubi
423 1031 506 1095 quae
529 1006 687 1072 subicitur
709 1025 847 1069 censura
869 1002 1002 1088 βέλτιον
1026 1002 1065 1066 δέ
1082 1011 1194 1087 aperte
1214 999 1258 1063 ad
1274 998 1334 1062 Di-

217 1117 352 1202 dymum
382 1111 480 1176 lexici
509 1108 626 1193 tragici
660 1104 861 1170 conditorem
895 1105 995 1186 redit,
1029 1103 1144 1190 quiin
1165 1100 1335 1165 volumine

219 1217 315 1280 etiam
344 1208 579 1298 ἀπορουμένης
608 1211 726 1288 λέξεως
750 1207 909 1292 inscripto
938 1227 958 1268 a
985 1204 1142 1288 magistro
1170 1202 1204 1264 in
1229 1199 1334 1286 expli·

218 1315 322 1379 cando
345 1313 524 1400 Sophocleo
555 1313 696 1400 quodam
721 1308 755 1370 in
781 1306 887 1371 Niobe
910 1315 942 1370 et
969 1303 1081 1368 Troilo
1103 1303 1254 1366 exstante
1277 1323 1335 1364 vo-

219 1414 336 1480 cabulo
366 1409 552 1497 δερμηστής
579 1413 774 1477 desciverat.
820 1407 874 1470 Cf.
907 1405 1066 1491 Harpocr.
1095 1408 1151 1484 54,
1180 1404 1220 1464 25
1251 1400 1334 1464 Hes.

220 1539 247 1580 s.
269 1537 302 1578 v.
343 1515 441 1597 Apud
467 1511 671 1599 Hesychium
699 1531 725 1573 s.
744 1532 777 1574 v.
808 1501 1079 1591 σκκοὸερμηστής
1100 1502 1241 1567 recurrit
1259 1524 1335 1565 cen-

220 1633 297 1678 sura
325 1609 383 1673 illa
412 1611 544 1692 βέλτιον
579 1612 625 1676 δέ.
651 1651 693 1660 -
725 1610 780 1674 Ad
815 1607 985 1693 Sophoclis
1018 1604 1168 1690 Chrysen
1199 1604 1336 1688 respicit

221 1712 318 1776 docta
347 1709 531 1773 Aristarchi
560 1713 600 1775 de
628 1733 700 1776 voc.
732 1713 830 1793 κρέας
859 1701 1036 1773 adnotatio
1053 1728 1105 1792 ap.
1140 1702 1241 1768 schol.
1272 1703 1333 1767 Ar.

222 1812 305 1875 Rau.
331 1811 407 1892 191,
436 1829 500 1895 qua
521 1812 572 1872 usi
595 1823 670 1876 sunt
690 1813 770 1877 Hes.
791 1835 816 1876 s.
835 1835 868 1875 v.
903 1808 997 1873 Phot.
1027 1812 1096 1889 117,
1120 1809 1157 1888 3,
1183 1803 1226 1869 cf.
1251 1804 1334 1868 Ger-

223 1910 315 1976 hard.
340 1909 381 1972 de
402 1909 592 1972 Aristarcho
613 1934 645 1995 p.
669 1915 720 1976 29.
750 1914 849 1994 Quid,
867 1910 954 1997 quod
971 1909 1110 1974 testibus
1131 1913 1173 1970 et.
1193 1927 1236 1970 m.
1252 1907 1334 1986 ⁸277,

223 2013 264 2076 53
286 2009 438 2074 Eustath.
457 2011 473 2086 ξ
489 2012 560 2091 974,
577 2014 607 2071 7.
627 2014 646 2070 9
667 2012 847 2099 Dionysius
869 2011 992 2094 Thrax,
1010 2011 1083 2074 cum
1105 2007 1335 2072 Aristarchum

223 2113 417 2194 magistrum
450 2109 681 2172 suavissimum
709 2114 872 2195 pingeret,
907 2113 941 2175 in
973 2120 1104 2197 pectore
1121 2110 1337 2196 ‘exprimeret

223 2208 443 2294 tragoediam,
473 2207 561 2293 quod
587 2201 786 2287 ἀκεστήθιζε
808 2213 917 2273 πᾶσαν
940 2215 1001 2294 τῆν
1024 2211 1223 2298 τραγῳδίαν.
1268 2209 1336 2272 De-

224 2311 322 2395 nique
344 2308 540 2395 pervulgata
558 2307 671 2372 fabula
693 2314 763 2370 erat
783 2314 866 2368 teste
882 2311 1008 2375 Galeno
1029 2333 1142 2398 expos.
1164 2332 1238 2374 voc.
1254 2309 1336 2393 Hip-

224 2430 313 2496 pocr.
343 2430 375 2493 p.
398 2413 460 2473 404
489 2407 716 2472 Aristarchum
739 2403 881 2468 Bacchio
900 2410 1023 2474 medico
1047 2421 1079 2475 et
1101 2411 1336 2497 lexicographo

226 2507 466 2572 multitudinem
500 2509 723 2597 exemplorum
761 2508 1152 2596 congessisse,2.qu0rum
1184 2511 1336 2598 plurima,

225 2609 273 2674 uti
301 2608 484 2693 fragmenta
511 2610 646 2676 Bacchii
672 2607 759 2693 apud
783 2607 976 2670 Erotianum
1001 2622 1128 2676 servata
1155 2613 1288 2694 docent,
1319 2635 1336 2676 e

226 2711 360 2796 tragicis
379 2712 577 2799 comicisque
596 2709 700 2797 poetis
721 2717 814 2772 erant
833 2708 946 2792 petita.
990 2706 1041 2770 Ac
1059 2714 1246 2792 saepissime
1267 2715 1337 2799 qui-

227 2811 302 2876 dem
321 2810 559 2899 Aristophanes
579 2822 612 2876 et
633 2811 811 2896 Euripides
833 2809 1022 2872 afferuntur.

311 2913 382 2975 Hos
404 2913 514 2997 igitur,
539 2914 652 3000 quiqui
671 2912 812 2992 fuerunt,
828 2919 956 2974 veteres
971 2908 1165 2992 interpretes
1187 2908 1339 2996 Sophocli

227 3011 367 3076 similem
388 3013 457 3076 lere
479 3021 577 3099 atque
591 3014 735 3076 Homero
758 3033 889 3098 operam
911 3009 1121 3095 impendisse,
1143 3013 1285 3096 vestigia
1304 3019 1340 3079 in

227 3111 360 3176 scholiis
381 3113 460 3175 satis
491 3121 581 3176 certa
605 3112 684 3176 mihi
707 3112 920 3198 deprendisse
942 3110 1066 3174 videor.
1113 3110 1236 3174 Verum
1255 3117 1341 3180 enirn

226 3233 306 3276 vero
329 3212 386 3275 alii
416 3213 557 3296 margini
579 3213 772 3278 adleverunt
804 3221 897 3277 notas
926 3211 1070 3293 criticas,
1103 3211 1233 3276 obelum
1263 3208 1343 3296 τόχ

227 3312 340 3399 diplen
361 3312 567 3394 asteriscum,
588 3310 646 3375 alii
668 3314 798 3378 easdem
821 3312 1026 3398 interpretati
1046 3322 1134 3395 sunt,
1157 3321 1194 3377 ut
1215 3313 1342 3400 Diony-

227 3413 296 3477 sius
325 3413 437 3478 Thrax
470 3412 671 3478 Philoxenus
702 3415 909 3480 Aristonicus
938 3412 1122 3477 Aristarchi
1151 3423 1245 3478 notas
1274 3415 1342 3479 Ho-

227 3515 376 3579 mericos.
419 3515 529 3602 Atque
549 3515 573 3578 ii
595 3516 726 3602 quidem
749 3516 919 3603 Sophoclis
946 3515 1129 3580 fabularum
1150 3514 1230 3597 loci,
1259 3538 1342 3603 quos

227 3615 313 3680 notis
343 3624 552 3702 compunctos
576 3614 679 3681 fuisse
714 3617 838 3683 scholia
871 3626 982 3682 nostra
1017 3627 1074 3682 aut
1105 3617 1201 3681 editis
1230 3617 1343 3682 verbis

226 3719 453 3803 pronunciant,
477 3724 532 3779 aut
548 3724 633 3780 tecte
650 3718 844 3803 significant,
860 3719 1036 3784 maximam
1051 3726 1187 3806 partem,
1204 3718 1240 3782 id
1254 3721 1342 3804 quod

227 3817 511 3881 animadversione
540 3817 769 3900 dignissimum
799 3828 863 3903 est,
891 3821 937 3884 ita
970 3831 1046 3885 sunt
1079 3822 1273 3905 comparati,
1307 3831 1345 3886 ut

227 3905 342 3981 ansam
359 3917 568 3980 confodiendi
583 3918 803 3984 Aristarcheis
821 3920 1026 4006 potissimum
1052 3921 1274 4005 grammaticis
1294 3944 1344 4007 ac,

227 4019 291 4082 nisi
323 4018 509 4082 coniectura
542 4018 643 4102 fallit,
675 4021 739 4107 ipsi
766 4021 957 4085 Aristarcho
991 4020 1121 4086 dedisse
1155 4022 1342 4088 videantur.

225 4116 379 4205 Euripidi
400 4126 493 4183 notas
512 4119 643 4184 criticas
664 4122 729 4184 iam
750 4121 988 4208 Aristophanes
1009 4121 1191 4207 Byzantius
1210 4123 1343 4189 adleve-

226 4225 289 4284 rat.
311 4217 388 4286 Vid.
408 4218 509 4286 schol.
525 4219 659 4308 Hippol.
683 4245 714 4287 v.
735 4225 804 4286 170.
826 4219 988 4289 'ceterum
1009 4222 1221 4306 Aristarchus
1246 4228 1346 4291 etiam
