2752 4890
513 378 712 438 -T-
1114 389 1174 448 167

31 533 36 542 ⁴
146 546 197 606 80.
215 536 427 626 Ἀρίσταρχος
450 539 712 625 έπισταμένο
731 565 809 624 περ
830 544 954 612 ἐόντι.
976 552 1017 615 A.

147 645 198 707 86.
231 636 312 726 παρ’
332 636 565 726 Ἀριστοφάνει
586 641 642 708 καὶ
663 648 703 729 τῇ
724 648 790 732 Χία
811 642 1093 718 νεικείουσιν.
1129 657 1170 721 A.

146 749 197 809 90.
232 745 294 822 ἔξω
323 746 386 808 τοῦ
411 767 432 807 ν
455 745 492 807 αί
509 738 725 828 Ἀριστάρχου
747 741 849 811 άλλά
870 752 912 812 τί
930 773 973 815 κε
994 752 1170 839 ῥέξαιμι.

61 846 225 931 γράφεται
247 843 360 910 δὲκαὶ
382 840 454 910 κατ’
480 845 554 910 ένια
574 843 705 923 θεοὺς
732 843 801 912 διὰ
822 845 961 915 πάντα
979 861 1170 944 τελευτᾷ,

61 947 117 1014 διὰ
144 943 223 1024 τούς
246 942 353 1024 θεοὺς
381 945 473 1022 τέλος
500 943 609 1011 πάντα
630 945 803 1032 λαμβάνει.
837 949 875 1014 έν
896 952 934 1015 δέ
954 969 1020 1019 τισι
1038 954 1171 1035 θεοὺς

60 1047 129 1116 διά
151 1045 283 1115 πάντα
305 1047 513 1114 τέτυκται.

145 1155 196 1216 92.
219 1153 266 1237 τῇ
287 1150 377 1233 μέν·
398 1143 506 1226 οὕτως
521 1145 744 1237 Ἀρίσταρχος,
763 1147 858 1220 άλλοι
878 1151 915 1219 δὲ
934 1159 982 1239 τῆ
989 1181 1006 1232 ς
1022 1156 1106 1239 μέν.
1126 1159 1168 1223 A.

145 1256 197 1317 95.
224 1247 433 1334 Ἀρίσταρχος
453 1245 561 1328 Ζευς
581 1247 721 1317 ἄσατο.
752 1255 808 1320 καὶ
827 1252 936 1334 οὕτως
957 1256 994 1322 ἐν
1015 1252 1169 1343 άπάσαις,

60 1350 166 1431 Ζεὺς
185 1348 324 1418 άσατο.
359 1351 416 1417 καὶ
437 1354 507 1417 ἔστι
528 1351 801 1440 ποιητικώτερον.
829 1358 866 1422 έν
888 1361 927 1424 δέ
942 1374 1009 1423 τισι
1032 1382 1101 1425 ταν
1122 1364 1170 1426 εί-

60 1458 244 1542 καιοτέρων
262 1449 359 1538 Ζῆν’
383 1448 521 1519 άσατο.
539 1455 581 1519 Α.

144 1561 195 1622 96.
238 1550 327 1638 παρά
345 1549 579 1639 Ἀριστοφάνει
601 1551 702 1623 άλλά
722 1583 774 1624 νυ
793 1561 861 1626 καὶ
883 1560 966 1627 τόν.
1010 1563 1048 1628 ἐν
1069 1563 1106 1629 δὲ
1129 1569 1169 1652 τῇ

58 1663 124 1746 Χία
147 1657 287 1742 φάμεν
305 1658 492 1741 ἔμμεναι,
515 1653 654 1741 ἠθικαῖς.
678 1660 720 1724 A.

147 1764 217 1824 105.
251 1753 369 1835 άλλως.
404 1755 494 1842 παρὰ
512 1755 745 1843 Ἀριστοφάνει
775 1764 837 1840 ἔξω
858 1768 919 1830 τοῦ
939 1771 967 1828 δ
986 1768 1027 1830 οἳ
1043 1765 1168 1849 αἳμα-

57 1885 135 1938 τος.
157 1863 199 1925 A.

145 1968 215 2027 117.
238 1963 276 2026 ἐν
297 1965 337 2048 τῇ
358 1963 424 2049 Χίᾳ
442 1958 528 2044 nis·
550 1962 592 2026 A.

144 2065 231 2149 (189.
264 2062 424 2140 τέως-
445 2062 483 2128 έν
505 2062 542 2128 δὲ
562 2073 634 2140 ταῖς
658 2064 873 2146 είκαιοτέραις
894 2065 977 2148 μετὰ
996 2071 1059 2132 τοῦ
1080 2069 1165 2152 πέρ.

56 2167 111 2252 Β.)
133 2164 257 2228 Friedl.
275 2164 391 2230 Nicon.
409 2187 442 2250 p.
466 2167 527 2229 256
549 2164 705 2228 Nicanori
724 2165 872 2228 vindicat
890 2169 997 2232 minus
1018 2177 1117 2233 recte.

143 2268 215 2331 327.
254 2265 310 2331 καὶ
326 2262 568 2349 Ἀριστοφάνης
588 2264 768 2348 προηθέτει
790 2263 851 2330 τόυ
870 2272 994 2353 στίχον,
1016 2265 1062 2346 ώς
1083 2289 1167 2354 φησι

57 2370 314 2449 Καλλίστρατος.
352 2363 390 2432 τό
419 2390 455 2433 τε
484 2361 548 2450 γὰρ
576 2361 630 2430 ἐπὶ
654 2363 774 2442 παιδὸς
792 2370 914 2454 κομιδῇ
936 2370 1095 2452 λέγεσθαι
1113 2374 1165 2438 δι-

57 2472 241 2545 στακτικώς
265 2475 304 2533 εί
317 2490 398 2534 που
419 2471 478 2534 ἔτι
500 2465 607 2553 ζώει,
639 2470 696 2533 καὶ
722 2472 828 2533 ταῦτα
854 2469 937 2554 μηδὲ
966 2471 1081 2557 πόρρω
1108 2477 1166 2556 τῆς

56 2567 198 2654 Σκάρου
214 2572 378 2655 κειμένης,
401 2565 565 2655 ὕποπτον,
585 2568 672 2636 τότε
686 2568 883 2654 θεοειδής
898 2566 1044 2655 ἀκαίρως
1058 2591 1165 2656 προσ-

56 2672 218 2758 έρριπται.
248 2668 429 2756 τεκμήριον
450 2668 487 2736 δὲ
509 2678 568 2756 της
588 2675 768 2756 διασκευῆς
786 2667 823 2736 τὸ
845 2673 901 2737 καί
923 2671 1042 2766 ἑτέρφς
1063 2674 1166 2759 φέρε-

55 2783 137 2840 σθαι
158 2770 219 2839 τδν
240 2776 371 2857 στίχον,
403 2779 443 2838 εί
455 2795 533 2838 που
553 2775 613 2838 ἔτι
636 2769 731 2851 ζώει
754 2797 798 2856 χε
818 2777 961 2857 Πνρῆς
981 2774 1092 2859 έμός,
1117 2769 1165 2840 δν

56 2875 320 2942 κατέλειπον.
343 2876 385 2940 A.
408 2875 480 2941 Hoc
500 2874 646 2940 scholion
662 2875 800 2962 Didymi
824 2898 895 2940 csse
918 2897 1045 2940 mecum
1067 2877 1165 2940 sentit

56 2979 93 3042 L.
116 2978 326 3042 Friedlacnd.
352 2978 387 3040 in
407 2978 553 3042 An'ston.
574 3000 608 3063 p.
633 2980 704 3041 295.

140 3082 214 3144 333.
233 3074 342 3154 οὕτως
361 3073 570 3163 Ἀρίσταρχος
590 3081 677 3164 δμώ
685 3103 729 3156 ας
751 3079 812 3156 ἔξω
833 3081 897 3142 τοῦ
918 3101 941 3141 ι.
963 3077 1006 3141 A.
1093 3155 1098 3162 ι

138 3183 319 3252 Ι365--368,
344 3175 548 3246 άθετουνται
567 3186 672 3265 στίχοι
694 3181 861 3264 τέσσαρες.
883 3184 1017 3261 γελοίου
1038 3175 1103 3263 γάρ
1125 3176 1163 3244 τὸ

55 3286 247 3369 βρυχάσθαι
271 3277 332 3346 τὸν
343 3277 501 3366 Ἀχιλλέα,
524 3278 546 3366 ἥ
562 3307 599 3348 τε
619 3283 780 3348 συνέπεια
802 3277 905 3346 οὐδὲν
920 3284 1009 3364 ζητεῖ
1024 3283 1165 3366 διαγρα-

55 3387 188 3468 φέντων
214 3377 345 3468 αὐτῶν,
375 3377 393 3449 ὁ
417 3382 454 3447 δὲ
474 3384 641 3462 Σιδώνιος
662 3379 863 3468 ἡθετηκέναι
883 3377 945 3466 μέν
964 3376 1005 3446 τὸ
1028 3386 1163 3462 πρώτον

55 3485 159 3569 φησὶν
187 3480 302 3550 αὐτών
331 3481 412 3563 τούς
444 3480 629 3571 ἀριθμούς,
660 3483 868 3572 ὕστερονδὲ
890 3489 1058 3566 περιελεῖν
1082 3481 1163 3561 τούς

55 3582 214 3672 ὀβελούς,
250 3583 428 3671 ποιητικὸν
448 3591 649 3671 νομίσαντας
670 3584 708 3651 τὸ
731 3591 874 3652 τοιοῦτο.
915 3579 933 3648 ὁ
954 3585 1068 3667 μέντοι
1083 3580 1163 3669 Ἀμ-

54 3687 178 3773 μώνιος
207 3688 246 3753 έν
276 3713 322 3754 ττι
352 3690 428 3774 περὶ
458 3693 518 3773 τῆς
546 3688 785 3773 ἐπεκδοδείσης
813 3686 1030 3771 διορθώσεως
1060 3681 1162 3751 οὐδὲν

53 3794 187 3857 τοιοῦτο
208 3789 307 3874 λέγει.
325 3792 368 3857 A.
382 3831 417 3840 -
433 3791 572 3878 Reliqua
593 3791 635 3855 sb
646 3791 836 3856 Aristonico
853 3799 928 3854 sunt
947 3789 1103 3874 profecta,
1123 3798 1161 3852 ut

53 3902 141 3957 recte
161 3892 316 3957 observat
336 3893 581 3958 Fricdlacnder.
600 3916 633 3977 p.
654 3894 726 3956 295.

138 3997 211 4058 376.
229 3988 439 4080 Ἀρίσταρχος
459 3991 502 4059 τό
523 4017 567 4058 τε
588 3999 763 4059 καίεται.
788 3995 831 4059 A.

136 4098 210 4161 386.
233 4091 342 4174 οὕτως
360 4086 691 4181 εὖτεἈρίσταρχος·
713 4091 931 4160 συνέσταλται
952 4092 990 4158 δὲ
1012 4089 1049 4157 τό
1067 4087 1159 4176 ἠύτε,

53 4197 109 4262 καὶ
129 4194 187 4263 διὰ
208 4202 269 4263 τοῦ
292 4221 308 4262 ε
327 4203 464 4283 είρηται.
486 4194 575 4283 παρὰ
597 4196 634 4262 δὲ
652 4192 886 4282 Ἀριστοφάνει
909 4199 961 4283 τῷ
986 4189 1018 4258 δ’
1043 4188 1157 4258 ώστε.

52 4299 91 4362 ἐν
110 4297 148 4365 δὲ
167 4308 239 4376 ταῖς
258 4295 323 4364 άπό
346 4303 415 4364 τών
437 4295 570 4365 πόλεων
591 4303 645 4364 τώ
652 4324 674 4363 υ
695 4294 726 4363 δ’
752 4289 863 4363 αὖτε.
885 4297 927 4360 A.
949 4290 1058 4374 οὕτως
1074 4319 1158 4380 χρα-
