2752 4890
1110 401 1170 463 113

59 563 141 654 παρ’
172 560 256 651 ὑδι)
285 565 340 632 καί
363 561 447 634 κατά
469 589 545 632 τινα
573 568 642 632 τοῖν
670 558 923 650 ὑπομνημάτων
950 570 1173 650 μετειληφθαι

58 665 96 736 τὸ
118 668 203 755 μέγα
225 663 301 735 άντλ
320 672 382 735 τοῦ
399 667 560 754 μεγάλως.
587 664 624 734 τὸ
647 665 684 734 δὲ
707 661 770 733 οὑκ
784 669 851 751 ἔχει
877 662 1032 753 τάκριβὲς
1053 663 1171 746 οὑτως.
1226 719 1228 724 .

58 773 90 838 εί
115 767 181 858 γάρ
207 766 248 836 τά
278 767 521 858 συγγράμματα
548 772 617 836 τοῖν
650 762 904 855 ὑπομνημάτων
932 767 1171 855 προτάττομεν,

58 869 158 940 ἕνεκα
178 877 265 958 γοῦν
285 866 468 958 τάκριβούς
490 866 665 957 γράφομεν
676 865 759 937 κατά
777 865 992 956 Ἀρίσταρχον
1012 867 1112 949 *Ζεύς
1131 893 1172 958 με

57 976 183 1061 μέγας’.
206 975 244 1042 έν
265 977 350 1058 γοῦν
371 977 418 1062 τῷ
437 969 521 1060 πρὸς
546 978 696 1059 Φιλητάν
728 968 962 1059 συγγράμματι
991 977 1032 1061 τῇ
1058 978 1173 1062 γραφῇ

56 1075 228 1163 κέχρηται,
267 1073 331 1142 δύο
357 1074 465 1160 λέγων
493 1072 530 1144 τὸ
558 1076 659 1162 μέγας
684 1079 878 1162 σημαίνειν,
905 1074 980 1144 τότε
1005 1071 1174 1162 μέγισθ’

57 1174 160 1264 αὑτό,
188 1176 344 1262 καθάπερ
370 1180 436 1242 νῦν
464 1176 568 1257 εΖεύς
592 1203 634 1265 με
656 1179 758 1265 μέγας
777 1180 964 1264 Κρονίδης’
986 1179 1042 1246 καὶ
1063 1179 1172 1247 *κεῖτο

56 1280 159 1366 μέγας
183 1277 371 1366 μεγαλωστὶ
399 1281 601 1364 λελασμένος
627 1279 865 1348 ίαιιοσννάοιν’
902 1284 953 1369 (Π
975 1285 1070 1371 776),
1097 1279 1172 1350 τότε

57 1377 91 1446 δ’
116 1370 162 1446 αὑ
183 1377 221 1448 τὸ
243 1375 327 1468 τιρός
348 1376 411 1465 τὴν
438 1376 522 1448 κατὰ
543 1378 604 1449 τὸν
626 1388 757 1449 Αίαντα
782 1377 842 1450 τόν
863 1382 979 1469 ἕτερον
1001 1384 1172 1471 διάκρισιν

57 1488 162 1561 *Αἴας
181 1478 215 1548 δ’
236 1477 254 1549 ὑ
276 1483 395 1568 μέγας’
420 1485 575 1572 (11358).
601 1478 685 1551 κάν
712 1495 783 1564 ταῖς
808 1489 922 1564 Λιταίς
950 1483 1172 1572 ἐξηγούμενος

58 1579 186 1669 ’,αὐτὰρ
205 1579 309 1653 ἔπειτ’
333 1591 419 1664 Αίας
439 1609 475 1652 τε
495 1587 614 1674 μέγας’
635 1588 667 1676 (Ι
692 1588 765 1673 169)
790 1590 828 1654 έν
843 1612 911 1655 τινι
932 1589 1001 1654 τεάν
1022 1582 1173 1673 ἠκριβω-

56 1687 170 1772 μένων
193 1680 445 1772 ὑπομνημάτων
472 1684 594 1772 γράφει
625 1692 731 1754 ταῦτα
762 1686 845 1756 κατά
881 1690 987 1769 λέξιν·
1024 1683 1066 1754 ού
1095 1681 1169 1754 κατ’

57 1790 218 1856 έτιάδετον
237 1789 327 1873 λέγει
343 1791 462 1875 μέγας,
485 1785 568 1857 άλλά
584 1786 668 1875 πρὸς
690 1785 949 1876 άντιδιαστολην
969 1795 1031 1858 τού
1054 1789 1172 1875 ἑτέρον

57 1897 218 1975 Αἴαντος,
248 1886 330 1959 ὅταν
359 1892 396 1958 δὲ
423 1892 504 1978 λέγη
526 1888 630 1969 *Ζεύς
657 1917 698 1977 με
719 1895 822 1979 μέγας
842 1895 1043 1980 Κρονίδης’,
1058 1887 1185 1960 ούκέτι.

57 1989 110 2059 ὅτι
133 1994 189 2058 καὶ
211 1991 324 2079 ἔτερος
350 1990 470 2079 μικρός
499 1994 578 2061 έστι.
629 1993 685 2060 καί
711 1989 791 2074 τούς
812 1990 872 2064 ἄττ’
896 1989 1004 2063 αὑτοῦ
1025 1995 1062 2070 δὲ
1083 2017 1172 2080 χρω-

57 2095 182 2180 μένους
200 2097 291 2162 ἔστιν
314 2091 427 2181 εὑρεῖν
448 2099 489 2182 τῇ
508 2099 634 2184 γραφῇ,
656 2091 1172 2182 ΔιονυσόδωροντὸνἈλεξαν-

58 2197 140 2282 δρέοι
165 2196 221 2266 καλ
246 2193 446 2288 Ἀμμώνιον.
491 2198 684 2282 ἐπιλέγουσι
721 2200 758 2266 δὲ
787 2195 899 2268 οὐδέν.
946 2194 999 2264 διὸ
1028 2193 1173 2276 καλιάς

58 2303 244 2386 μαρτυρίας
265 2295 378 2366 αύτών
398 2296 462 2367 ούκ
484 2296 688 2388 ἐγράψαμεν.
720 2301 775 2368 καὶ
798 2307 1046 2387 Καλλίστρατος
1067 2299 1105 2366 έν
1127 2304 1173 2389 τῷ

58 2402 134 2486 περὶ
154 2395 292 2480 Ἰλιάδος
312 2397 421 2480 οὑτως
433 2401 646 2488 προφέρεται,
673 2398 758 2470 ὥστε
778 2398 898 2488 ὅμοιον
913 2399 997 2470 είναι
1017 2407 1064 2491 τῷ
1088 2401 1172 2470 *ἐπεὶ

58 2504 160 2588 μέγας
181 2497 335 2570 ύδύσατο
359 2503 462 2583 Ζεύς’
487 2504 535 2589 (Σ
556 2505 645 2592 292).
690 2499 772 2571 ούδὲ
794 2498 812 2569 ὁ
836 2503 994 2588 έιιιθέτης
1019 2503 1056 2569 δὲ
1079 2509 1171 2569 Πτο-

57 2610 193 2690 λεμαῑος
215 2600 273 2682 τάς
292 2601 488 2689 Ζηνσδύτον
510 2601 643 2690 γραφάς
663 2605 879 2691 ἐκτιθέμενος
897 2603 1024 2690 ταύτην
1044 2600 1170 2691 ὁμολο-

60 2717 114 2789 γεῖ
133 2702 330 2790 Ζηνοδότον
353 2700 449 2773 εἶναι.
497 2711 610 2773 Ταῦτα
631 2700 829 2792 ὁΔίδυμος.
874 2710 915 2773 Α.
937 2709 1064 2774 Locum
1085 2707 1172 2774 huno

60 2811 193 2895 egregie
215 2808 358 2875 illustrat
377 2808 493 2875 Lehrs.
513 2809 572 2874 Ar.
595 2809 637 2896 ρ.
651 2811 797 2876 20-28.

142 2917 170 2979 Β
206 2913 269 2984 258
303 2903 358 2976 Ἐν
384 2908 421 2976 δὲ
450 2913 490 2997 τῇ
518 2907 602 2976 κατά
633 2908 808 2995 Φιλήμονα
833 2908 893 2978 τόν
917 2909 1087 2997 Κρητικὸν
1108 2937 1172 2978 κι-

58 3010 238 3099 χήσομαι
260 3010 303 3076 έν
318 3018 564 3079 Δαναοῖσιν.
609 3010 748 3080 δύναιτο
771 3007 803 3078 δ’
826 3005 869 3079 άν
890 3013 928 3080 τὸ
952 3011 1004 3093 ὥς
1024 3012 1077 3080 νύ
1097 3037 1170 3097 περ

58 3104 137 3180 ύδε
166 3108 353 3181 άκούεσδαι
379 3108 611 3200 ἁπλούστερον
639 3109 714 3180 ἀντὶ
742 3117 805 3180 τού
837 3110 962 3201 οὑτως,
1000 3111 1170 3195 ὡσαύτως.
1272 3177 1273 3182 ,

63 3220 175 3283 Ταῦτα
197 3209 216 3281 ὁ
238 3219 399 3301 Δίδυμος.
443 3219 485 3283 A.
1211 3217 1222 3232 '

143 3322 256 3386 3397
292 3314 410 3398 Οὕτως
444 3319 652 3403 γένωνται
684 3319 721 3386 αι’
738 3313 966 3405 Ἀριστάρχου.
1011 3318 1172 3388 τοῦτοδὲ

14 3453 16 3458 ’
60 3422 113 3488 καλ
134 3416 153 3487 ὁ
179 3415 560 3507 έκτοῐνὺιιομνημάτων
579 3416 679 3505 λόγος
698 3415 874 3490 ὑπόκειται
893 3424 980 3507 ἔχων
999 3425 1094 3509 τῇδε·
1117 3421 1173 3488 έτιὶ

58 3528 127 3590 τῶν
148 3519 309 3609 κυμάτων
332 3524 421 3608 λέγει
442 3518 480 3589 τὸ
501 3524 718 3608 γένωνται.
763 3528 810 3612 τῷ
832 3519 975 3612 τοιούτῳ
994 3520 1173 3602 πλεονάκις

58 3625 226 3710 κέχρηται,
245 3621 332 3692 ὥστε
354 3624 410 3692 καλ
430 3624 485 3692 έιτὶ
508 3627 576 3690 τολν
598 3618 789 3710 ούδετέρων
807 3622 848 3692 τά
870 3623 1084 3709 αληθνντιιιοὶ
1107 3647 1173 3692 τια-

59 3725 276 3814 ραλαμβάνει.
327 3727 547 3810 μεταποιοῦσι
575 3727 614 3794 δέ
639 3749 729 3806 τινες
750 3727 938 3812 γένηται,
961 3720 1024 3793 ούκ
1046 3721 1171 3812 ὀρθῶς.

62 3823 211 3894 Ταύταὸ
236 3831 398 3916 Δίδυμος.
442 3830 483 3894 Α.

76 3989 77 3992 ,
139 3936 173 3998 Β
193 3933 256 3996 435
285 3932 431 4016 μηκέτι
465 3936 543 3998 νύν
566 3925 659 4015 δήθ’
681 3919 783 3996 αὖθι
801 3928 1035 4017 λεγοίμεθα·
1065 3923 1173 4006 οὑτως

62 4033 97 4097 αί
111 4028 332 4120 Ἀριστάρχου
354 4033 457 4112 λέξεις
484 4032 521 4098 έιι
541 4036 604 4099 τοῦ
625 4037 648 4117 β
668 4035 727 4116 τῆς
745 4026 898 4109 Ἰλιάδος·
931 4032 952 4095 δ
959 4027 1040 4114 ηδά
1062 4027 1173 4096 τολὺν

61 4132 198 4220 χρόνον,
210 4124 311 4202 αύθι
330 4129 448 4220 αὑτοῦ,
468 4130 685 4220 λεγώμεθα
703 4130 1016 4219 συναδροιζοάμεδα.
1037 4125 1173 4214 ὑδέλό-

60 4259 118 4320 γος
144 4241 315 4316 τοιοῦτος·
349 4237 464 4323 μηκέτι
494 4241 561 4304 νῦν
585 4235 639 4303 ἐπὶ
661 4233 770 4303 τολὺν
790 4231 915 4320 χρόνον
937 4228 1044 4300 αύτοῦ
1066 4248 1173 4316 συνη-

60 4339 259 4424 θροισμένοι
285 4339 449 4425 μένωμεν.
493 4336 683 4425 Ζηνόδοτος
717 4335 755 4405 δὲ
783 4347 888 4405 ποιεῖ·
922 4337 1069 4421 μηκέτι
1094 4338 1173 4400 νύν

111 4464 275 4508 omnus.
945 4439 964 4500 8
