2866 4882
217 330 279 391 292

218 516 346 558 naeus
369 491 504 579 (Vespp.
526 493 587 572 895
609 490 693 576 qu.
716 494 778 554 694
801 497 843 554 et.
866 514 908 554 m.
936 493 1007 572 631,
1029 489 1074 575 2),
1095 489 1338 556 Alexander

222 593 445 682 (Itonaeos),
469 591 680 677 Telephus
704 592 906 677 (Ρ1111.725),
928 591 1182 677 Hephaestio
1208 593 1338 679 (Ranns

221 696 334 779 1295),
362 691 501 777 singulis
529 691 610 756 locis
633 691 839 758 adhibentur.
883 693 938 757 Ex
962 692 1013 755 his
1034 693 1165 778 ignotus
1187 693 1337 779 alioquin

219 798 315 862 homo
341 792 614 880 Cephisodemus3
645 793 817 857 Irenaeum
851 802 883 857 et
908 793 1149 876 Alexandrum,
1185 794 1241 879 qui
1269 793 1335 856 1.1.

221 896 341 962 similia
370 903 468 982 atque
500 892 689 958 Timotheus
716 895 828 958 nescio
855 896 927 980 quis
958 894 1079 980 (Rann.
1110 897 1202 958 14911.
1236 895 1334 976 1501)

220 997 403 1078 enarravit,
434 994 614 1080 Euripidea
642 995 739 1057 etiam
773 994 899 1072 scholia
928 996 1166 1081 praestantiora
1196 1005 1335 1077 norunt;

120 1112 122 1117 ’
220 1098 401 1183 Telephum
420 1095 560 1181 denique
575 1095 803 1181 Porphyriana
824 1116 952 1180 quoque
967 1098 1002 1159 in
1017 1097 1156 1161 Iliadem
1171 1118 1335 1160 commen-

220 1199 304 1262 taria
328 1203 496 1281 usurpant.
541 1194 656 1281 Neque
681 1197 768 1280 Apio
791 1196 868 1259 sive
896 1195 1068 1259 Mochthus
1096 1196 1147 1261 bis
1176 1206 1270 1261 terve
1297 1197 1333 1260 111

219 1299 350 1364 scholiis
372 1299 431 1362 Ar.
463 1298 555 1383 (Pac.
579 1299 639 1360 778
669 1296 753 1382 qu.
790 1296 867 1382 577)
899 1297 1066 1382 appositus
1111 1299 1233 1384 (Rann.
1270 1299 1331 1360 963

220 1402 260 1465 de
302 1397 595 1484 hippalectryone?
639 1405 671 1460 et
709 1394 818 1458 Nubb.
860 1398 965 1482 144?)
1010 1408 1042 1463 et
1085 1399 1332 1487 Epaphroditus

218 1502 320 1588 (qu.
345 1503 425 1561 1147
445 1497 567 1583 Vespp.
589 1496 665 1582 332)
690 1495 821 1559 scholiis
844 1498 940 1562 Hom.
962 1501 1077 1583 ignoti.
1120 1499 1331 1564 Palamedem

219 1621 357 1688 quoque,
381 1619 477 1684 quem
497 1604 650 1683 quattuor
667 1596 731 1660 loci
747 1598 999 1682 suppeditabant
1021 1601 1119 1688 (qu.
1133 1604 1194 1665 916
1207 1601 1330 1686 Vespp.

220 1703 292 1766 708.
318 1701 409 1762 11113.
441 1697 552 1779 1117),
581 1697 716 1762 totidem
749 1697 828 1762 locis
859 1700 893 1762 in
924 1700 1038 1765 soholl.
1067 1701 1110 1764 ad
1131 1701 1243 1787 Apoll.
1266 1701 1330 1765 Rh.

220 1798 462 1887 deprehendere
495 1799 642 1880 memini,
676 1820 814 1884 quorum
841 1799 1054 1866 fundamenta
1079 1803 1232 1886 Augusto
1261 1802 1331 1864 fere

219 1907 413 1990 imperatore
438 1901 524 1962 iacta
546 1920 617 1962 esse
640 1908 784 1983 constat,
815 1923 1011 1988 quamquam
1033 1925 1098 1975 non
1120 1904 1206 1966 iacta
1228 1925 1248 1966 a
1270 1902 1330 1966 Di-

220 2008 335 2092 dymo,
364 2009 402 2066 ut
428 1998 574 2063 Ritterus
603 2001 754 2063 somniat.
799 2001 968 2066 Postremo
996 2005 1129 2068 nomino
1150 2003 1330 2090 Phryni-

219 2107 336 2170 chum
377 2110 492 2189 quater
529 2100 700 2164 dumtaxat
733 2112 1018 2167 commemoratum
1051 2105 1182 2191 quidem
1218 2103 1329 2168 Nubb.

221 2212 281 2272 754
312 2207 418 2270 Rann.
443 2204 505 2266 862
530 2200 685 2264 Dindorf.
709 2209 732 2264 t.
756 2202 792 2265 ΙΙ
822 2227 854 2289 p.
881 2206 939 2266 105
969 2204 1045 2266 Pac.
1070 2209 1142 2269 414.
1168 2208 1241 2287 617,
1270 2206 1329 2268 sed

218 2313 410 2394 inspectum,
437 2303 474 2366 id
492 2303 579 2388 quod
600 2301 835 2367 Schneiderum
857 2304 951 2388 fugit,
971 2305 1112 2390 saepius,
1137 2327 1164 2369 e.
1188 2328 1220 2390 g.
1243 2306 1344 2370 Aah.-

220 2414 293 2474 206.
315 2409 387 2470 209.
410 2407 471 2467 244
501 2401 624 2487 (Bekk.
648 2403 784 2468 anecdd.
808 2404 826 2467 I
847 2407 897 2487 39,
924 2405 989 2484 15).
1011 2407 1083 2468 271.
1107 2408 1220 2491 296*).
1267 2408 1330 2472 Η15

189 2512 320 2600 ι,1811111
341 2514 397 2570 aut
415 2502 644 2590 Symmachum
672 2511 728 2567 aut
748 2503 939 2569 scholiastae
962 2507 1188 2572 testimouium
1206 2508 1330 2573 denun-

91 2647 92 2652 1
218 2613 322 2676 ciasse
343 2614 443 2694 patet.
487 2604 644 2690 Reliquos
668 2625 796 2687 omnes,
832 2604 1068 2670 Callimachum
1088 2607 1329 2696 Lycophro-

218 2735 305 2782 nem
339 2705 655 2772 Eratosthenem
695 2705 972 2791 Euphronium
1010 2708 1330 2796 Aristophanem

217 2809 462 2878 Artemidorum
486 2804 711 2891 (Apollonium
739 2807 910 2873 Chaeridis
931 2810 971 2891 1.)
1007 2812 1232 2876 Timachidam
1256 2812 1329 2875 051-

217 2912 379 2977 listratum
415 2907 745 2971 Aristarchum
777 2909 987 2975 Ammonium
1021 2912 1232 2998 Apollonium
1271 2913 1328 2977 Se-

217 3013 346 3082 leucum
394 3008 599 3072 Demetrium
649 3007 800 3071 Ixionem
843 3010 1079 3077 Oratetem
1125 3014 1328 3078 Herodicum

217 3109 453 3196 Apollodorum
489 3106 686 3170 Tarsensem
722 3108 1029 3197 Asclepiadem
1065 3113 1328 3178 Alexandri-

216 3234 309 3275 num
342 3205 538 3272 Ohaeridem
569 3207 773 3291 Antigonum
804 3211 1012 3299 Antipatrum
1040 3216 1238 3302 Dionysium
1262 3216 1324 3301 (et)

216 3311 383 3396 Zopyrum
419 3305 621 3370 Nicandrum
656 3307 899 3393 Tyrannionem
936 3323 969 3379 et
1005 3313 1110 3393 τινὰς
1128 3311 1328 3398 ἀναγραφὰς

215 3412 338 3488 λέξεων
368 3409 504 3497 (Vespp.
528 3410 604 3493 494)
632 3427 690 3494 per
717 3409 898 3497 Didymum
921 3418 1102 3481 innotuisse
1131 3416 1327 3503 Symmacho

217 3513 371 3598 spondeo.
408 3511 458 3574 Ac
481 3509 521 3572 de
543 3508 770 3595 Lycophronis
793 3513 926 3598 quidem
949 3524 980 3577 et
1001 3516 1229 3580 Eratosthenis
1252 3539 1328 3601 ope·

214 3612 307 3677 ribus
334 3622 490 3698 tanquam
519 3611 713 3675 consociatis
742 3634 905 3699 unumque
937 3616 972 3678 in
999 3637 1114 3702 corpus
1144 3618 1326 3682 commissis

215 3713 346 3778 abunde
372 3733 424 3775 me
452 3711 560 3775 dicere
589 3715 722 3776 memini
750 3715 917 3800 incapite
944 3714 1022 3780 libri
1045 3716 1062 3779 I
1085 3721 1120 3799 5,
1152 3727 1189 3781 ut
1214 3717 1327 3780 multis

214 3813 364 3878 refellere
388 3810 579 3877 Schneideri
601 3815 788 3899 opinionem
808 3837 874 3879 non
897 3817 939 3880 sit
961 3839 1057 3903 opus,
1082 3819 1138 3903 qui
1158 3840 1190 3902 p.
1212 3819 1264 3881 58.
1284 3820 1326 3882 86

215 3911 410 3999 Symmacho
433 3915 560 3999 copiam
582 3913 847 3979 observationum
870 3925 901 3980 et
922 3919 1225 4002 interpretationum
1244 3918 1325 3981 Era-

285 4153 312 4217 1)
330 4153 420 4234 Schol.
437 4154 504 4208 Aah.
518 4156 568 4205 205
588 4169 715 4219 compara
730 4171 790 4205 cum
808 4156 895 4209 Bekk.
917 4156 1031 4210 anecdd.
1052 4173 1079 4221 p.
1095 4158 1153 4220 172,
1172 4157 1206 4209 30
1224 4159 1325 4222 Vespp.

215 4239 265 4288 155
283 4254 344 4289 cum
360 4240 447 4291 Bekk.
468 4241 582 4291 anecdd.
601 4241 615 4290 I
633 4257 660 4305 p.
680 4241 739 4304 220,
759 4241 801 4292 29.
1190 4273 1191 4276 =
