2866 4882
635 559 671 638 2.

457 688 860 772 Περλταθων

127 822 128 826 ’
188 817 261 882 Ηοο
286 818 477 904 opusculum
505 839 523 880 c
549 814 627 880 solis
655 814 787 880 scholiis
815 817 849 881 in
876 819 1055 896 Homerum
1077 823 1213 888 Venetis

103 920 259 1001 innotuit,
297 919 384 983 unde
420 917 643 982 Herodianum
682 915 717 979 id
753 922 984 985 commentario
1018 924 1213 989 instruxisse

105 1020 320 1106 comperimus
344 1019 401 1105 (cl.
424 1017 542 1082 Lehrs.
567 1016 665 1080 anall.
688 1040 825 1100 gramm.
848 1044 880 1106 p.
897 1022 992 1107 418),
1013 1045 1096 1109 quae
1117 1026 1214 1090 simul

105 1142 220 1184 caussa
242 1120 345 1186 fuisse
372 1119 516 1201 videtur,
549 1129 585 1183 ut
605 1117 766 1205 hodieque
788 1129 918 1206 praeter
939 1121 1040 1187 dubia
1057 1126 1214 1192 nonnulla

106 1219 146 1284 ab
166 1220 359 1306 etymologis
377 1228 508 1285 servata
529 1220 714 1304 fragmenta
732 1221 920 1308 eademque,
942 1225 976 1287 ni
988 1224 1094 1308 fallor,
1111 1228 1213 1312 ipsius

105 1321 285 1386 Herodiani
307 1321 469 1387 industria
492 1330 602 1385 nostro
623 1318 767 1384 obnoxia
791 1321 835 1385 ad
852 1344 912 1386 nos
933 1337 1112 1410 pervagata
1131 1328 1214 1394 nihil

104 1422 172 1486 lere
195 1445 237 1486 ex
258 1421 320 1487 hoc
339 1445 435 1509 opere
457 1429 596 1486 aetatem
618 1421 739 1486 tulerit.
783 1422 923 1488 Accedit
943 1425 1030 1511 quod
1054 1427 1213 1493 Herodia-

104 1545 165 1586 nus
182 1522 320 1610 Didymi
341 1544 469 1605 nomen,
493 1523 642 1609 quamvis
664 1522 729 1610 ipsi
749 1523 890 1609 plurima
905 1548 977 1590 eum
998 1527 1116 1592 debere
1141 1551 1213 1616 per-

104 1646 235 1689 suasum
256 1624 410 1705 habeam,
439 1623 614 1688 admodum
638 1644 712 1687 raro
741 1626 907 1711 apposuit,
936 1629 1018 1698 adeo
1040 1639 1076 1695 ut
1096 1630 1211 1695 Lehrs.

103 1727 144 1791 de
160 1727 260 1790 Arist.
285 1725 371 1790 stud.
392 1747 424 1810 p.
438 1726 477 1788 34
501 1724 673 1789 adnotaret
693 1723 790 1789 haec:
812 1731 970 1793 ‘Fortasse
989 1737 1112 1796 debebat
1133 1731 1213 1820 (He-

104 1829 275 1913 rodianus)
297 1835 417 1908 saepius
435 1832 594 1908 didymum
616 1834 764 1908 inspicere
772 1839 793 1893 ⁹.
836 1829 945 1917 Atque
967 1835 1149 1919 inspectum
1170 1833 1212 1897 ab

104 1932 175 2016 ipso
198 1952 279 2012 esse,
301 1950 342 1993 ne
364 1929 471 1993 dicam
486 1931 745 2022 transscriptum,
767 1931 965 1996 luculentum
987 1955 1085 2020 supra
1105 1953 1212 1999 exem-

103 2031 193 2116 plum
222 2054 321 2094 unum
358 2051 376 2092 e
410 2028 520 2094 multis
549 2029 735 2116 deprompsi
763 2032 804 2096 fr.
836 2032 888 2096 IX
926 2033 1000 2099 coll.
1026 2032 1148 2110 Arcad.
1178 2057 1210 2120 p.

106 2135 174 2214 119,
194 2134 308 2195 a-15.
330 2130 481 2194 Alterum
504 2129 735 2215 quaerentibus
755 2132 890 2217 praebet
915 2134 1015 2198 schol.
1041 2134 1210 2221 Aristoph.

103 2233 187 2319 qu.
213 2237 308 2316 1158,
340 2230 398 2295 ubi
419 2230 601 2295 Herodiani
627 2233 759 2296 nomine
779 2243 937 2316 veneunt,
969 2224 1053 2322 quae
1074 2234 1212 2321 Didymi

102 2333 204 2398 verba
233 2356 304 2398 esse
332 2335 366 2397 in
395 2334 502 2398 lexico
532 2332 654 2396 comico
681 2335 895 2418 pronunciata
922 2337 1020 2402 fidem
1046 2335 1125 2401 facit
1146 2335 1212 2400 Hc-

104 2434 235 2521 sychius
258 2459 284 2500 s.
307 2459 338 2500 v.
362 2431 483 2517 κήμός,
507 2434 550 2499 cf.
569 2432 692 2498 Arcad.
714 2439 766 2518 59,
788 2440 836 2500 14.

644 2606 671 2666 1.

188 2721 296 2786 Schol.
326 2721 423 2786 Hom.
453 2725 485 2788 Γ
508 2723 569 2785 272
598 2731 640 2787 et.
663 2745 706 2785 m.
733 2725 808 2803 116,
831 2723 870 2786 51
902 2715 1027 2802 ἄωρτο·
1050 2716 1121 2805 ἅρω
1143 2721 1213 2788 ἐστὶ

103 2821 139 2888 sd
160 2821 365 2907 σημαντικὸν
380 2828 441 2888 τοῦ
457 2817 600 2907 ἆρμόζω,
621 2813 665 2887 οὗ
687 2818 705 2886 ὁ
721 2823 852 2905 μέλλων
876 2830 933 2909 (et.
946 2845 989 2886 m.
1001 2823 1077 2888 add.
1090 2827 1209 2888 Αἰολι-

103 2928 182 3011 κως)
212 2921 322 3010 ἄρσω,
351 2921 507 3010 ἀόριστος
527 2916 614 3009 ήρσα
640 2924 783 3001 ’Θέτις
809 2919 986 3006 ὤμοισιν
1008 2923 1210 3009 ἐκήρσεν’

103 3026 157 3112 (Il.
182 3031 299 3093 0167.
324 3029 400 3114 339)
430 3020 503 3092 ἀντὶ
525 3031 587 3091 τοῦ
610 3023 802 3110 ἐφήρμοσεν
824 3023 879 3089 καλ
909 3020 1120 3110 ’πώμασιν
1141 3021 1213 3111 ἅρ-

102 3144 177 3192 σον
199 3122 380 3194 ἇνταντα’
410 3127 545 3214 (Odyss.
569 3132 590 3212 β
613 3129 689 3214 353)
719 3120 794 3213 ἀντὶ
821 3129 883 3192 τοῦ
901 3122 1106 3211 ἐφάρμοσον.
1149 3131 1212 3194 τοῦ

102 3222 173 3310 ἅρω
195 3222 214 3293 ὁ
235 3233 478 3312 παρακείμενος
499 3218 596 3313 ήρκα,
618 3221 636 3294 ὁ
662 3224 849 3311 παθητικὰς
867 3217 980 3312 ήρμαι,
1003 3221 1213 3310 ὑπιρσνντε-

103 3325 196 3406 λικός
216 3323 338 3416 ήρμήν,
362 3327 399 3396 τὰ
421 3333 534 3412 τρίτον
556 3318 655 3412 ήρτο,
677 3333 824 3415 συστολῇ
843 3319 924 3410 ἆρτο
948 3331 1083 3416 (rectius
1104 3339 1146 3395 et.
1168 3354 1211 3396 m.

98 3425 252 3508 Ἰωνικοῖς
271 3427 355 3497 κατὰ
377 3427 547 3514 συστολὴν
563 3423 673 3515 dcco),
692 3429 867 3495 ἐπενθὲσει
889 3435 952 3495 τοῦ
974 3454 1000 3495 ω
1019 3424 1130 3513 ἄωρτο
1154 3434 1210 3518 (ολ.

101 3555 143 3596 m.
167 3532 243 3597 add.
273 3527 385 3616 ὥσπερ
414 3527 491 3597 stoa
516 3532 647 3619 εἴωθα).
690 3526 799 3606 οὕτως
820 3525 1027 3618 Ἡρωδιανὸς
1054 3529 1092 3594 ἐν
1118 3534 1165 3618 τῷ
1191 3533 1213 3615 β

102 3630 259 3718 ποιήματι
282 3634 317 3721 (l.
338 3629 564 3720 ὑπομνήματι,
585 3633 693 3720 possis
709 3631 806 3696 etiam
820 3631 1020 3718 ποιηματίῳ)
1044 3634 1096 3717 τῷ
1120 3629 1213 3709 τερλ

101 3739 248 3800 παθῶν
268 3733 507 3822 Διδύμονῑ).

172 3892 198 3959 1)
225 3892 297 3956 Quid
318 3893 420 3960 igitur?
455 3892 639 3944 Credamusne
661 3890 809 3956 Didymum
833 3888 916 3939 etiam
934 3875 1028 3952 ἄωρτο
1045 3886 1079 3936 ab
1099 3871 1159 3949 αἴρω
1178 3874 1209 3934 sd

100 3969 211 4045 ἁρμόζω
231 3980 390 4030 derivasse?
414 3978 547 4044 Equidem
559 3977 616 4038 'hoc
630 3980 661 4026 ut
679 3974 800 4036 credam,
821 3971 893 4040 quod
911 3989 966 4023 non
984 3971 1063 4023 modo
1082 3970 1212 4035 etymolo-

100 4083 151 4134 gus
168 4065 187 4116 l.
202 4083 226 4117 c.
246 4066 288 4115 his
306 4069 403 4131 pergat
416 4065 506 4116 verbis
518 4055 592 4121 τινῆ
612 4055 643 4112 θλ
658 4055 769 4127 λέγουσι
786 4053 819 4110 τό
838 4050 982 4125 ἐκρέματο,
1002 4057 1050 4108 sed
1067 4057 1150 4107 etiam
1157 4058 1211 4106 He-

99 4152 175 4217 syoh.
201 4142 304 4217 ἄωρτο.
323 4141 457 4215 ἐκρέματο
477 4165 527 4200 suo
544 4148 621 4214 loco,
645 4148 743 4200 deinde
760 4148 821 4198 loco
837 4161 892 4195 non
909 4159 959 4194 suo
975 4133 1083 4206 ἄωρτο·
1103 4135 1211 4208 παρήρ-

98 4251 166 4301 τητο
186 4238 299 4301 habaat,
324 4236 450 4302 idemque
473 4229 560 4301 ἔωρτο
584 4235 612 4287 h.
638 4250 661 4285 e.
686 4224 774 4300 ήορτο
798 4233 912 4283 formam
933 4229 1112 4295 primigenam
1136 4234 1211 4280 recte

99 4322 216 4389 explicet
233 4323 374 4374 vocabulis
393 4315 487 4384 ἔδοξε,
506 4312 656 4386 κρέμαται,
675 4319 741 4370 mihi
758 4320 891 4386 imperare
908 4331 963 4366 non
979 4329 1100 4382 possum.
1122 4313 1209 4365 Video
