2866 4882
1158 375 1224 438 295

67 609 69 612 ¹
110 531 298 620 άναγράφω
320 529 380 599 τὸν
402 534 556 612 πάππους
580 535 666 620 quod
683 536 790 620 ipsum
809 535 954 602 scholion
971 548 1083 603 nostro
1106 540 1234 606 deberi

110 637 293 722 Euphronii
310 638 507 700 ¹sentcntiae
537 637 696 700 adversus
735 636 971 702 Callimachum
999 642 1219 725 patrocinanti

109 736 296 822 Hesychius
320 736 451 800 docebit
474 758 498 799 s.
521 759 554 800 v.
579 733 757 814 πάππος·
783 775 825 786 -
848 740 1002 820 σημαίνει
1023 737 1060 803 δὲ
1082 741 1137 805 καὶ
1158 735 1220 824 όρ-

109 838 190 903 νέου
219 833 316 914 εἶδος.
362 837 519 902 Similiter
540 839 703 925 Didymus
726 839 886 926 Hesychii
913 840 1087 917 σπολάς·
1119 848 1219 924 χιτω-

109 944 224 1015 νίσκος
251 934 362 1023 βαθύς
396 938 476 1024 (lex.
510 948 593 1024 trag.
628 940 794 1027 Sophocl.)
829 939 1056 1027 Euphronium
1088 950 1219 1006 secutus

110 1064 162 1126 ap.
193 1039 292 1104 schol.
318 1040 376 1103 Ar.
400 1040 488 1104 Avv.
513 1043 573 1103 934
605 1047 729 1123 χιτῶνα
751 1038 952 1125 δερμάτινον
973 1064 1045 1107 esse
1067 1038 1219 1106 σπολάδα

107 1149 291 1205 testantem.
336 1140 419 1204 Item
449 1141 696 1226 eDiogeniano
725 1142 812 1230 (he.
836 1143 996 1229 Didymo)
1020 1147 1160 1229 sapiunt,
1183 1144 1219 1206 ni

107 1241 214 1323 fallor,
236 1241 329 1306 Phot.
355 1244 425 1324 165,
448 1245 481 1303 11
507 1243 645 1307 Κίλλέια
667 1246 739 1322 383,
754 1246 791 1307 21
820 1241 1090 1326 παραιξόρουσον
1111 1253 1151 1307 et.
1174 1267 1216 1306 rn.

107 1338 277 1426 ένεργμός.
322 1342 392 1406 Nec
412 1343 515 1407 flocci·
529 1344 716 1410 faciendum
739 1345 891 1430 denique,
915 1345 1003 1430 quod
1025 1346 1096 1430 ipse
1111 1346 1217 1432 Hesy-

108 1443 201 1508 chius
231 1443 414 1529 Euphronii
446 1466 564 1508 nomen
597 1447 748 1531 apposuit
782 1468 808 1508 s.
831 1468 862 1509 v.
893 1442 1105 1508 λακκόσπεδα
1137 1446 1216 1531 (leg.

109 1541 300 1610 λακκόσπεα
323 1568 340 1609 e
364 1544 452 1628 πέος,
476 1546 590 1631 σπέος)
612 1559 653 1630 ct,
678 1548 706 1611 si
734 1547 813 1633 quid
833 1546 940 1628 vide0,
963 1567 988 1608 a.
1007 1569 1039 1610 v.
1062 1546 1216 1630 ῥαφανίς,

109 1647 166 1710 ubi
187 1669 274 1710 nunc
299 1643 449 1729 Τρύφων
469 1647 598 1732 legitur.
631 1648 740 1735 (Corr.
761 1642 956 1731 Εὐφρόνιος
976 1646 1015 1711 δέ
1035 1664 1129 1731 φησι,
1152 1670 1216 1734 quo

109 1749 199 1812 ducit
227 1749 437 1813 Doriensium
463 1752 584 1814 mentio
603 1750 688 1814 coll.
720 1751 830 1814 Tacta.
859 1750 941 1836 Lyc.
971 1749 1058 1834 387).
1081 1787 1124 1796 —-
1147 1749 1218 1814 Nec

108 1871 174 1913 non
202 1849 382 1934 Didymum
416 1851 451 1912 in
480 1849 580 1914 schol.
611 1851 698 1916 Avv.
734 1855 795 1915 799
829 1851 1089 1915 testimoniorum
1119 1873 1217 1937 appo·

104 1950 289 2014 nendorum
310 1951 423 2036 copiae
443 1951 616 2015 admodum
636 1952 816 2016 studiosum
840 1949 953 2036 (Soph.
975 1949 1044 2014 00.
1062 1952 1137 2038 388)
1162 1975 1217 2017 ex-

108 2051 221 2116 audire
256 2050 317 2114 tibi
335 2051 480 2115 videare
509 2045 705 2134 Εὐφρόνιος
728 2091 769 2100 --
791 2053 939 2115 έπλεκεν.
976 2045 1153 2136 ἀμάρτυροι
1179 2051 1216 2117 δὲ

108 2147 280 2236 άμφότερα
306 2151 363 2238 (cf.
387 2151 486 2215 schol.
510 2151 607 2238 Soph.
632 2152 699 2216 00.
723 2155 795 2215 388.
819 2154 898 2213 1593
921 2151 1008 2214 Avv.
1030 2155 1103 2215 873.
1126 2154 1214 2237 998).

107 2291 151 2305 -
173 2253 368 2317 Homericae
397 2253 623 2339 explicationis
652 2273 790 2336 pravum
816 2260 913 2335 atque
946 2251 1031 2315 exile
1059 2274 1217 2318 conamen

107 2355 217 2441 prodit
235 2354 335 2418 schol.
351 2354 439 2418 Avv.
456 2357 517 2417 604
539 2347 736 2436 Εὐφρόνιος
758 2349 794 2415 δὲ
813 2350 868 2416 καὶ
889 2346 968 2427 τούς
984 2347 1064 2435 παρ’
1083 2347 1216 2442 Ὁμήρῳ

108 2449 271 2536 λιπαροῦς
299 2451 404 2526 πόδας
425 2445 532 2527 οὕτως
553 2445 751 2514 ἀποδιδόναι
775 2441 868 2524 τινάς
890 2468 973 2531 φησι
1001 2450 1061 2536 (sc.
1084 2453 1215 2537 unctos)

108 2555 180 2619 coll.
209 2552 359 2618 Eustath.
389 2551 484 2616 lliad.
513 2553 658 2638 Hesych.
686 2552 806 2638 Odyss.
831 2551 897 2614 XV
919 2553 991 2614 332.
1035 2551 1101 2616 Sed
1123 2561 1217 2617 extra

108 2655 343 2730 dubitationem
370 2652 406 2717 id
429 2654 516 2740 quod
538 2653 790 2718 demonstraturi
814 2674 924 2716 sumus
944 2673 1066 2738 ponere
1085 2653 1217 2718 videtur

109 2756 209 2821 schol.
233 2759 320 2818 Avv.
355 2758 446 2832 137911
468 2754 523 2819 καλ
552 2749 796 2840 Εὐφρόνιος
820 2751 883 2838 μὲν
910 2752 1021 2837 χωλὸν
1050 2748 1135 2820 εἶναι
1154 2749 1216 2819 τόν

109 2857 274 2939 Κινησίαν
295 2859 399 2938 φησίν
422 2851 647 2934 ....”Αλλως.
683 2858 876 2939 Δίδυμος
896 2854 958 2939 μὲν
980 2851 1122 2939 κύκλον,
1144 2855 1216 2920 ἐπεὶ

109 2959 258 3021 κυκλίων
280 2950 437 3042 ᾀσμάτων
456 2955 595 3041 ποιητής
614 2957 715 3041 ἐστιν,
739 2952 866 3022 κυλλὸν
881 2955 928 3041 δέ,
952 2955 1023 3020 ἐπεὶ
1038 2953 1145 3039 χωλὸς
1161 2948 1214 3039 ἦν.

109 3063 236 3140 είρηται
264 3055 301 3121 δὲ
327 3056 403 3141 περὶ
426 3052 534 3124 αὐτοῦ
555 3061 592 3124 ἐν
613 3055 806 3144 Βατράχοις.
834 3052 852 3122 ὁ
876 3053 912 3121 δὲ
931 3051 1157 3140 Ἀριστοτέλης
1179 3055 1217 3121 ἐν

108 3160 337 3234 διδασκαλίαις
377 3155 440 3223 δύο
477 3162 560 3243 φησὶ
593 3162 779 3244 γεγονέναι.
835 3156 1056 3242 Σύμμαχος
1091 3153 1214 3236 ούτως·

109 3254 368 3342 Εὐφρόνιος,
391 3255 505 3343 ἐπειδὴ
527 3259 649 3338 κυλλός
669 3253 713 3345 ἦν
735 3256 753 3326 ὁ
776 3259 947 3342 Κινησίας.
974 3263 1075 3324 τούτο
1095 3257 1132 3324 δέ
1152 3255 1216 3324 οὐκ
1300 3317 1306 3324 ,

109 3361 199 3424 ἔστιν
221 3354 345 3443 εὑρεῖν,
368 3355 453 3424 άλλά
472 3359 538 3426 κτὲ.
583 3364 684 3438 Vides
712 3365 813 3447 igitur
837 3360 1066 3447 Symmachum
1085 3359 1215 3446 oblique

100 3457 271 3544 'castigare
298 3460 494 3547 Didymum‚
529 3459 616 3550 quod
638 3463 829 3550 Euphronii
860 3462 1097 3547 expositionem
1124 3462 1216 3524 suam

107 3561 223 3624 fecerit
245 3561 394 3646 quamvis
415 3565 625 3648 testimoniis,
646 3562 832 3650 Symmachi
860 3561 984 3625 scilicet
1005 3568 1126 3642 aetate,
1150 3582 1216 3624 non
1292 3559 1295 3564 ’

107 3660 247 3747 amplius
276 3662 520 3747 stabiliendam
553 3666 777 3751 Euphronium
798 3685 895 3742 vero,
929 3662 1064 3724 missum
1090 3658 1216 3722 faciens

106 3762 304 3846 Didymum‚
334 3784 392 3827 suo
418 3765 489 3828 iure
511 3764 725 3852 Symmachus
745 3765 952 3851 perstringit,
980 3768 1091 3845 utpote
1114 3758 1216 3843 expli·

106 3864 244 3927 cationis
266 3862 354 3927 illius
376 3874 542 3930 auctorem
561 3865 785 3954 principalem.
808 3864 902 3929 Unus
919 3885 971 3926 me
987 3862 1077 3925 locus
1091 3857 1215 3941 Vespp.

107 3968 169 4028 694
190 3974 323 4051 propter
344 3967 540 4032 vocabulum
562 3972 809 4052 σεσημειῶσθαι
830 3973 941 4048 vexat,
965 3963 1023 4027 sed
1041 3957 1216 4025 confodere
1333 4035 1334 4038 Ἴ

106 4061 212 4126 locum
258 4063 461 4152 Chrysippus
512 4067 686 4153 Lycophro
734 4064 1011 4131 Eratosthencsve
1054 4064 1215 4145 poterant.
1284 4087 1286 4096 ι

107 4164 235 4242 Quodsi
259 4163 484 4252 Euphronium
514 4191 642 4254 quoque
670 4171 755 4230 inter
776 4165 914 4250 Didymi
935 4161 1042 4224 fontes
1068 4177 1216 4223 numere-

106 4286 179 4328 mus
207 4275 351 4354 oportet,
385 4290 451 4334 non
481 4263 710 4354 estamplius,
743 4290 801 4332 cur
823 4265 863 4328 de
884 4261 1072 4348 Symmachi
1091 4257 1215 4322 meritis
