2894 4890
1069 447 1072 450 .
1180 381 1241 445 245

128 535 213 597 Mus.
242 534 312 598 crit.
331 534 486 622 Cantab.)
508 559 550 600 an
573 538 615 601 ad
637 562 670 603 v.
694 542 755 602 285
784 543 957 627 pertineat.
1001 545 1182 634 μέμφεται,
1205 557 1241 614 ut

128 659 190 699 em.
214 635 332 700 Valck.
359 637 402 701 ad
423 638 546 703 Phosn.
570 643 649 704 1286
670 666 703 729 p.
722 646 785 706 432
806 666 853 730 sq.
886 652 917 708 st
939 647 1017 710 citat
1040 648 1166 732 Elmsl„
1185 652 1241 714 ha-

127 736 207 800 bent
228 736 316 802 Flor.
331 742 360 802 6.
381 742 429 821 15,
451 740 551 805 iidem
562 750 659 807 antea
680 739 762 826 μετά
781 748 883 809 τοῦτο
905 767 964 832 pro
985 744 1068 829 μετά
1090 755 1237 818 τούτου.’

127 836 244 901 Matth.

214 940 284 1026 (12)
309 942 381 1005 383
413 934 640 1024 ἢθηιιτύν·
670 935 736 1010 ωδε
759 951 870 1025 καλυς
891 957 1006 1016 αείται
1052 955 1241 1038 Δίδυμος

127 1044 335 1124 σημειούται,
356 1037 408 1106 ὅτι
430 1048 540 1122 κακῶς
560 1046 594 1110 οί
613 1040 987 1130 ύποκριταλτάσσουσιν
1009 1052 1062 1117 ἐπὶ
1085 1057 1154 1119 τῶν
1176 1058 1240 1122 δυ-

128 1154 182 1207 οίν
201 1166 238 1207 το
259 1147 356 1229 σιγη
379 1143 750 1233 δομουςεισβασα
780 1145 1079 1236 ιιαυσοιησφαξω
1103 1179 1239 1236 αυτους
1268 1178 1284 1220 .·

126 1244 192 1308 Hie
212 1242 302 1308 loeus
323 1244 409 1331 fugit
396 1248 501 1312 tRitt
474 1255 593 1311 tterum
611 1248 746 1334 Didym.
772 1274 882 1337 opusc.
902 1277 935 1339 p.
959 1256 1010 1319 39.

215 1344 285 1464 (13)
317 1349 388 1411 732.
418 1348 602 1431 Δίδυμος
631 1349 671 1413 δέ
693 1369 776 1434 φησι
804 1352 1026 1419 ἐλλείπειν
990 1379 1052 1440 την
1074 1357 1205 1444 διά,“
1190 1357 1236 1425 ιν’

126 1474 148 1534 η
135 1435 226 1511 διὰ
249 1441 289 1510 τά
311 1445 615 1531 ἐπικηρυκεύματα.

214 1548 283 1634 (14)
310 1548 434 1614 Phoen
463 1552 523 1613 748
547 1550 636 1639 Vp.
666 1556 726 1617 165
747 1555 792 1619 M.
826 1561 962 1639 γελοίως
990 1557 1092 1624 τοῦτό
1121 1578 1238 1648 φησιν,

127 1645 173 1771 ὡς
194 1646 238 1735 μὴ
262 1643 311 1714 οδν
333 1653 399 1714 νῦν
415 1650 452 1714 ἐν
473 1654 513 1736 τῇ
535 1650 641 1717 πόλει.
686 1653 897 1738 πεφύλακται
920 1655 1014 1724 δὲ
978 1685 1036 1738 τας
1057 1656 1239 1745 ὀνομασίας

126 1746 241 1817 αὐτῶν
263 1743 428 1836 είπείν,“
400 1777 445 1829 ως
469 1771 552 1872 φησι
574 1757 764 1838 Δίδυμος
782 1755 837 1823 διὰ
859 1756 895 1824 τὸ
919 1754 986 1826 ὑπὸ
1001 1761 1171 1848 Αἰσχύλου
1190 1767 1239 1830 εί-

126 1857 250 1936 ρῆσθαι
273 1851 309 1916 ἐν
330 1865 399 1931 τοίς
420 1850 500 1919 ἑπτὰ
522 1854 576 1920 ἐπὶ
596 1854 723 1940 Θήβαις
747 1854 891 1978 (αὐτοῦ).
928 1858 1045 1929 Αύτοῦ
1074 1889 1137 1931 om.
1162 1868 1237 1951 (δια,

124 1954 192 2037 ubi,
210 1963 245 2019 ut
264 1956 298 2017 in
317 1956 452 2020 Barocc.
478 1961 529 2041 74,
552 1957 614 2022 hoc
636 1959 737 2024 schol.
761 1970 830 2025 rect
830 1964 882 2026 ius
899 1964 940 2028 ad
959 1989 991 2029 v.
1011 1971 1066 2030 751
1086 1968 1238 2050 refertur,

125 2058 246 2122 omisso
273 2058 320 2122 δέ.
348 2097 390 2108 -
416 2057 508 2122 Ηεεο
533 2059 726 2126 documento
751 2072 827 2127 sunt
859 2065 1029 2150 scripsisse
1056 2067 1237 2152 Didymum

126 2159 224 2222 etiam
247 2159 347 2224 schol.
371 2159 468 2246 Soph.
492 2160 545 2225 El.
567 2166 618 2226 62.

212 2260 285 2348 (15)
309 2263 388 2325 1748
408 2262 485 2347 Vp.
503 2265 564 2326 334
583 2264 628 2327 Μ.
653 2259 757 2347 πρὸς
779 2258 939 2347 ἥλικας·
960 2266 1148 2351 Δίδυμός
1169 2292 1237 2351 φη-

125 2377 160 2426 σι
182 2359 429 2444 συμβουλεύειν
459 2359 546 2451 αὐτῇ
569 2367 668 2428 τοῦτο
694 2368 846 2447 ποιῆσαι,
874 2365 930 2428 ἵνα
951 2366 1152 2449 ἐρανίσωσιν
1173 2363 1237 2432 αύ-

125 2460 198 2546 τήν.
243 2459 344 2527 οὐδὲν
371 2458 435 2547 γάρ
456 2464 641 2548 λαμβάνειν
664 2463 811 2544 ἐξιόντας
834 2461 984 2548 ἐφόδιον.
1029 2458 1050 2576 6
1074 2468 1130 2532 ἵνα
1152 2484 1237 2533 συν-

55 2635 58 2640 ,
124 2561 258 2647 τάξηται
286 2559 410 2640 αύταῖς.

212 2667 280 2753 (16)
294 2667 351 2730 Or
367 2665 549 2752 13691Vp.
564 2661 724 2732 503M.
708 2664 939 2750 αρμάτειον
961 2668 1101 2750 μέλος·
1124 2663 1236 2752 τόάρ·
1273 2709 1274 2714 1

123 2766 263 2851 μάτειον
278 2760 405 2849 με’λος’
390 2791 408 2832 ο
421 2770 476 2834 Δί
480 2764 611 2850 δυμύς
626 2783 730 2850 φησιν
749 2763 958 2852 ὠνομάσθαι,
981 2763 1034 2834 ὅτι
1052 2771 1089 2833 αί
1105 2764 1236 2852 άρχαῑαι

125 2868 290 2953 παρθένοι
324 2870 369 2944 είς
403 2864 482 2945 τούς
511 2865 686 2951 θαλάμους
720 2863 776 2931 διά
809 2873 877 2933 τοῖν
909 2864 1068 2954 δερμάτων
1100 2865 1233 2954 ἤγοντο.

124 2967 210 3036 ὅθεν
225 2971 273 3034 ἔτι
296 2967 351 3034 καὶ
365 2972 432 3032 νῦν
453 2965 593 3053 πάροχοι
605 2969 758 3051 λέγονται
778 2964 844 3034 άπὸ
860 2975 923 3034 τού
935 2982 1004 3049 τοῖς
1021 2966 1112 3054 ὅχεσι
1133 2994 1236 3052 παρε-

124 3075 258 3154 δεϊσθαι
286 3069 420 3159 (Healh.
435 3077 680 3155 παροχεῐσθαι),
709 3068 753 3148 63
774 3069 1000 3156 ἐπιθαλάμιον
1022 3073 1059 3136 ἐν
1081 3083 1150 3151 τοίς
1168 3081 1235 3138 θα-

123 3171 250 3255 λάμοις.
277 3211 318 3221 -
347 3159 498 3236 ἐυιοιδὲ
527 3166 709 3254 ἁρμάτειον
737 3169 797 3238 τὸν
824 3171 959 3257 θρῆνόν
989 3191 1071 3257 φασι
1095 3168 1156 3237 τὸν
1182 3173 1236 3240 ἐπὶ

123 3277 170 3362 τῷ
200 3271 353 3360 ἑλκυσμῷ
383 3275 445 3334 τού
459 3265 616 3354 Ἕκτορος
641 3261 836 3355 γενόμενον.
878 3269 1130 3357 Ἀπολλόδωρος
1156 3269 1233 3340 δὲὸ

124 3379 317 3456 Κυρηναῖος
345 3371 541 3456 ἐπιγράφει,
572 3374 680 3456 λέγων
713 3370 798 3438 εἶναι
820 3368 985 3458 άρμόδιον
1006 3369 1161 3442 ύἽλιον.
1207 3379 1239 3442 εί

124 3471 161 3538 δὲ
183 3463 226 3556 ἦν
238 3471 487 3557 παρεπιγραφή,
510 3467 596 3552 ἅπαξ
610 3467 652 3538 άν
671 3471 878 3557 ἐπεγράφετο
901 3471 937 3541 τὸ
962 3471 1080 3540 εἼλιον
1103 3471 1236 3541 άπύλε-

125 3583 208 3640 σεν.’
235 3576 320 3638 ἔνιοι
336 3574 372 3640 δὲ
395 3570 456 3638 τὸν
473 3574 594 3658 Φρύγα
616 3574 677 3640 τδν
692 3573 944 3656 ἐκπεπηδηκότα
959 3570 1125 3658 εὐνοῦχον
1142 3579 1236 3659 φασί.

126 3672 206 3751 τούς
230 3667 269 3739 δέ
297 3669 484 3758 εύνούχους
510 3675 663 3753 ἐπιεικῶς
692 3670 893 3759 ὀξυφώνους
916 3671 1087 3758 ὑπάρχειν,
1110 3671 1146 3740 τδ
1171 3666 1236 3741 ούν

100 3773 291 3855 ,ὀξύτονον
318 3771 501 3859 άρμάτειου
531 3771 637 3840 αύτδν
667 3775 773 3861 φάναι
802 3773 857 3840 διά
889 3771 926 3840 τὸ
956 3769 1017 3840 τδυ
1049 3771 1236 3852 ύπαξόνιον

126 3882 195 3943 τῶν
224 3871 383 3961 άρμάτοιν
411 3867 493 3960 ἦχον
522 3872 766 3962 άυατεταμίυον
794 3900 829 3941 τε
857 3875 911 3941 καὶ
938 3872 1020 3955 ὀξύν
1043 3873 1137 3942 εἶναι.
1184 3872 1235 3941 ὅτι

126 3980 162 4045 δὲ
187 3973 351 4061 εύνούχος
376 3967 434 4060 ἦν,
460 3983 581 4061 φησίν·
614 3981 726 4065 (1521)
753 3973 850 4043 οὔτε
873 3979 949 4061 γάρ
971 3977 1074 4061 γυνὴ
1098 3977 1235 4060 πέφυ-

126 4073 304 4158 καςούτ’
330 4077 373 4142 ἐν
392 4073 570 4161 ἀνδράσι
593 4076 683 4162 σύγῗ
709 4076 753 4144 εί.
798 4078 853 4143 καὶ
874 4077 991 4143 πάλιν·
1025 4079 1137 4164 (1523)
1162 4073 1234 4154 ὀξύ

125 4177 204 4265 γάρ
234 4183 333 4264 βοῆς
362 4173 611 4245 ύπαιιούσαν
631 4175 777 4263 ’Ἄργος
801 4173 1081 4260 ἐξεγείρεται.“·
1113 4177 1176 4241 είσὶ
1198 4174 1235 4247 δὲ

125 4283 181 4346 καλ
199 4276 301 4348 Ιάλλαι
317 4283 435 4364 αίτίαι,
458 4273 498 4359 63
522 4279 689 4350 ἐκτίθεται
711 4275 729 4344 6
750 4275 1054 4363 ύπομνηματιστής.
1148 4346 1151 4350 ,
1179 4295 1194 4328 ‘-
