2752 4890
636 381 840 444 -Ν-
1206 385 1265 447 147

238 546 311 608 435.
333 537 441 621 οὕτως
461 539 543 627 μετὰ
565 549 627 610 τοῦ
644 569 666 610 ν
689 541 873 630 άνεικέα,
895 547 956 624 ἔξω
972 549 1116 633 νείκους,
1139 546 1175 614 τό
1189 555 1264 616 ίσον

147 640 265 722 αὐτοῖς
287 639 511 729 άκουέμουσα.
534 640 675 731 άμεινον
694 647 742 732 δό,
765 651 880 733 φησίν,
901 643 1064 735 ἀεικέα,
1089 646 1149 716 τὸν
1170 646 1263 717 εὐτε-

146 749 203 829 λή.
222 745 260 810 ἐν
278 744 315 811 δὲ
331 749 377 835 τῷ
392 743 477 830 ιιρδς
489 742 526 813 τδ
538 747 691 827 Ξένιουος
706 747 899 833 παράδοξον
911 749 1113 834 προφέρεται
1135 747 1263 836 άμεμ-

148 847 231 930 φόα
252 846 420 932 μισθόν.
443 853 484 914 A.

176 969 182 978 ·
234 953 306 1014 445.
326 944 538 1037 Ἀρίσταρχος
559 948 724 1038 ἑστήκει
745 954 845 1037 χωρὶς
862 955 924 1017 τοῦ
944 977 970 1017 ι.
987 953 1029 1018 A.

232 1055 305 1116 450.
328 1051 382 1116 καί
401 1048 642 1138 Ἀριστοφάνης
660 1051 784 1140 ήθίτει,
801 1047 990 1138 Ζηνόδοτος
1010 1053 1048 1119 δὲ
1064 1049 1144 1120 οὐδὲ
1163 1057 1263 1141 ίγρα-

147 1177 225 1236 φιν.
246 1153 287 1217 Α.
306 1153 484 1221 Duentzer.
509 1157 633 1222 Zenod.
654 1181 686 1244 p.
711 1161 741 1241 3,
767 1160 815 1221 12.
838 1179 870 1244 p.
895 1160 925 1220 5.

234 1261 307 1320 451.
331 1251 440 1334 οὕτως
461 1252 517 1322 διά
537 1261 600 1322 τοῦ
620 1281 635 1323 ε
656 1259 790 1342 φέρει.
815 1259 856 1322 A.

231 1362 304 1423 465.
337 1353 413 1424 οὐκ
442 1355 492 1423 άν
523 1363 583 1438 τίς
614 1384 688 1444 μιν
716 1357 920 1443 ἐρυκάκοι
955 1353 1261 1443 ἀντιβολήσας·

142 1453 1261 1546 Ἀρίσταρχος·οόκέντίςμινἐρύκακενάντιβολήσας.Α.

232 1563 305 1626 468.
328 1556 571 1647 ὀτρύνοντι·
595 1557 703 1641 οὕτως
724 1560 780 1628 διά
798 1567 859 1629 τοῦ
878 1587 896 1628 ο
917 1559 1156 1646 ὀτρύνοντι.
1180 1563 1221 1628 A.

690 1741 735 1812 Ν.

235 1871 266 1931 2.
300 1864 408 1950 παρὰ
439 1873 546 1956 τῇσι·
588 1868 779 1953 Ζηνόδοτος
813 1868 868 1934 καὶ
895 1864 1138 1953 Ἀριστοφάνης
1170 1868 1262 1954 περὶ

147 1971 249 2054 τῇσι.
270 1966 391 2051 μήποτ’
415 1994 480 2036 ονν
501 1972 611 2055 διχως.
634 1972 676 2035 A
698 1963 922 2053 [τινδςτιρδς
944 1973 1037 2056 τῇσι
1059 1970 1112 2048 V.]
1138 1968 1260 2054 [Ζηνό-

147 2065 440 2184 δοτοςδὲόχίμεν.
463 2074 515 2150 V.]

233 2174 263 2235 6.
282 2163 494 2257 Ἀρίσταρχος
514 2171 612 2259 χωρὶς
633 2176 699 2238 του“
725 2198 766 2240 τε
760 2168 1069 2238 ’δικαιοτάτων
1092 2167 1261 2257 ἀνθρά-

148 2294 244 2336 κων.
269 2273 310 2338 Α.

232 2377 263 2439 8.
287 2372 335 2440 οό
355 2373 433 2460 γάρ
455 2369 518 2460 ὅγ’
542 2371 780 2444 ἀθανάταν·
810 2371 1052 2460 Ἀριστοφάνης
1066 2371 1129 2440 διά
1148 2377 1211 2440 τοῦ
1233 2397 1260 2459 ε,

148 2469 291 2562 οὐγὰρ
314 2472 366 2541 ἔτ’
390 2472 624 2545 άθανάταν.
648 2481 688 2545 A.

234 2581 282 2642 12.
321 2574 383 2644 ἐντ’
412 2575 646 2666 ἀκροτάτης
670 2585 875 2666 κορυφῆς·
905 2573 1148 2662 Ἀριστοφάνης
1176 2584 1261 2662 πλη-

147 2685 318 2758 θυντικῶς
352 2677 411 2747 ἐστ’
441 2677 672 2770 άκροτάτης
698 2687 894 2770 κορυφῇς.
941 2675 1005 2746 οὐκ
1032 2679 1202 2746 άττίδαυον
1224 2678 1261 2744 δὲ

146 2777 166 2866 ή
189 2781 290 2865 χωρὶς
311 2787 373 2847 τοῦ
391 2807 414 2867 μ
431 2782 562 2870 γραφή,
587 2783 702 2852 Σάον
724 2782 797 2853 ἀντὶ
823 2789 884 2851 τοῦ
913 2781 1068 2867 Σάμου.
1109 2778 1181 2866 τήν.
1197 2777 1260 2864 γάρ

145 2879 294 2967 Σαόκην
310 2880 348 2950 τό
377 2879 458 2967 όρος
478 2886 560 2970 φησὶ
587 2890 875 2972 καραδηλοῦσδαι.
900 2888 940 2953 A.

234 2988 284 3051 28.
303 2981 514 3072 Ἀρίσταρχος
530 2984 778 3075 ήχνοίησαν,
800 2985 895 3056 ἄλλοι
911 2989 948 3054 δὲ
965 2982 1204 3071 ἠγνοίησεν.
1218 2986 1258 3050 A.
1310 3043 1312 3046 .

146 3088 279 3153 Deinde
298 3089 505 3154 Aristonicus
529 3091 642 3156 eadem
661 3092 701 3157 de
723 3115 768 3157 re.
927 3161 929 3164 ,

212 3193 281 3252 51.
316 3181 746 3274 ἕξουσι·Ἀριστοφάνης
781 3187 1016 3276 σχήσουσιν
1055 3182 1177 3271 δμοίως
1213 3188 1261 3273 τῷ

147 3283 341 3372 ’παρμένετ’
365 3284 459 3355 οὔτοι
482 3285 589 3373 δηρόν
612 3291 667 3375 ἐμὲ
691 3291 875 3377 σχήσουσιν
894 3286 1040 3374 Ἀχαιοί]
1063 3290 1154 3377 (151)
1175 3289 1217 3354 A.

230 3395 282 3456 59.
303 3392 403 3474 διχῶς
419 3387 677 3478 Ἀριστοφάνης,
699 3394 755 3458 καὶ
773 3391 962 3477 κεκοφός
981 3393 1036 3458 καί
1061 3384 1226 3454 κεκοετοό
1233 3413 1259 3466 ς.

147 3493 183 3559 ἐν
203 3491 240 3558 δὲ
258 3496 298 3581 τή
314 3497 380 3558 Χιά
398 3492 453 3558 καὶ
464 3487 660 3579 Ἀντιμάχου
679 3491 881 3561 κεκοκοόν.
904 3496 945 3558 A.
967 3493 1015 3571 [αί
1033 3490 1069 3556 δὲ
1090 3485 1262 3573 Ἀριστάρ-

146 3617 208 3676 χου
228 3596 339 3679 διχοις,
355 3592 506 3673 κεκοπάς
526 3595 580 3661 καὶ
599 3593 790 3679 τετυφοός
804 3596 858 3674 V.]
878 3596 959 3680 Leg.
973 3596 1073 3678 διχῶς
1089 3588 1262 3677 Ἀρίσταρ·

146 3718 211 3777 χος.
232 3695 410 3762 Duentzer.
435 3695 560 3762 Zenod.
581 3721 613 3783 p
638 3702 685 3780 11,
704 3703 764 3762 47.

232 3801 283 3860 71.
317 3794 480 3880 γράφεται
512 3798 567 3864 καί
601 3803 769 3882 ίθματα.
800 3795 989 3881 Ζηνόδοτος
1024 3793 1061 3861 δὲ
1089 3749 1144 3862 καί
1173 3791 1262 3877 Ἀρί-

147 3903 466 3982 σταρχοςίχματα.
488 3899 530 3962 A.

231 3994 1261 4086 92.Πηνέ1.εων·διάτοῦοἈριστοφάνης,Πηνε’1εονΑ.

230 4101 302 4165 103.
315 4094 902 4189 Ἀρίσταρχοςνιαρδαίίων,ἄλλοι
913 4101 950 4167 δὲ
964 4101 1259 4192 πορδαλίωνᾉ.

235 4205 304 4266 107.
317 4198 508 4286 Ζηνόδοτος
520 4199 557 4268 δὲ
573 4202 628 4269 καί
641 4199 885 4289 Ἀριστοφάνης
902 4203 981 4267 νῦν
1003 4197 1046 4266 δὲ
1068 4195 1165 4277 ἑκάς
1184 4199 1233 4264 τό
1243 4237 1261 4247 -

149 4308 251 4379 λιος.
281 4303 325 4369 A.
828 4349 832 4354 -
919 4341 922 4348 ⁴

990 4398 1055 4461 10*
