2752 4890
621 425 663 436 .-
708 390 818 451 A·-
1216 383 1274 445 143

254 563 323 626 129.
344 553 454 636 οὕτως
473 557 681 622 ἐναντίον.
700 554 743 618 A.

254 664 324 726 132.
340 656 530 744 Ζηνόδοτος
545 653 676 722 πολλὰ
693 650 726 720 δ’
741 645 1034 735 ίνἈντιμάχου
1050 646 1219 732 πατρός.
1234 651 1275 716 Α.

251 768 322 829 135.
344 759 493 841 ζωούς·
509 755 752 845 Ἀριστοφάνης
773 752 869 838 ζωοί.
892 753 965 818 AV.

251 867 335 942 [138.
378 860 567 946 Ζηνόδοτος
587 857 711 945 γράφει
732 852 1012 944 νακόφρονος.
1035 854 1102 938 V.]‚
1135 855 1179 919 ef.
1206 856 1276 919 123.

253 972 322 1031 144.
339 959 551 1049 Ἀρίσταρχος
570 953 698 1040 οὖδας
720 963 900 1046 ἔρεισεν.
924 959 966 1024 A.

302 1083 312 1104 ⁴
334 1062 442 1156 [οὔδει
465 1067 613 1150 ίρείσθη.
637 1059 747 1143 οὕτως
767 1065 804 1130 αί
820 1060 1048 1147 Ἀριστάρχου.
1070 1061 1124 1149 V.]

254 1174 323 1236 146.
343 1165 553 1252 Ἀρίσταρχος
572 1164 735 1252 πλήξας.
758 1167 800 1231 A.

254 1273 421 1354 179180,
456 1266 673 1357 (όδετοῦνται
701 1269 771 1356 -).
801 1264 993 1352 Ζηνόδοτος
1022 1260 1086 1331 σόα
1119 1267 1277 1350 ἔγραφεν.

162 1368 409 1456 Ἀριστοφάνης
433 1368 470 1437 δὲ
492 1365 606 1454 ἠθέτει
626 1367 702 1435 τόν·
722 1364 893 1453 Ἀτρείδαο
915 1362 983 1434 ὑπὸ
1005 1369 1128 1452 χερσίν.
1151 1369 1193 1433 Α.

249 1477 326 1538 184.
354 1469 579 1556 στεροπήν·
618 1467 830 1557 Ἀρίσταρχος
854 1465 936 1554 μετὰ
963 1473 1026 1536 τοῦ
1053 1493 1075 1534 α
1103 1465 1279 1556 άστερο-

165 1573 264 1662 τόν.
286 1577 328 1640 A.

254 1680 327 1742 219.
357 1669 546 1758 Ζηνόδοτος
570 1673 626 1739 καλ
649 1669 890 1758 Ἀριστοφάνης
922 1666 1078 1751 ἀντίος,
1110 1670 1280 1758 Ἀρίσταρ-

167 1803 228 1864 χος
249 1772 396 1842 ἀντίον
415 1772 470 1842 διά
491 1779 554 1841 τοῦ
574 1799 605 1847 ν.
631 1775 704 1840 AB.

254 1881 328 1944 222.
355 1876 500 1962 μητέρι
530 1873 686 1960 μήλων·
721 1870 911 1960 Ζηνόδοτος
935 1875 1089 1960 ,μητέρι
1121 1881 1275 1962 θηριόν.

165 2007 208 2067 τη
195 1975 261 2047 δ
286 1974 466 2062 έριβόλακι
488 1973 630 2064 συνᾴδει
649 1978 704 2044 καὶ
721 1973 760 2042 τὸ
784 1977 1076 2062 πολυθρέμματον,
1099 1975 1141 2043 οὐ
1162 1976 1199 2044 τό
1222 1982 1280 2045 έν-

166 2093 291 2166 θηρου.
312 2080 358 2144 A.
1218 2071 1221 2078 ’

255 2185 328 2249 239.
350 2160 450 2266 διχός
473 2181 528 2246 καλ
551 2178 631 2246 ἐόν
652 2178 708 2247 uui
729 2177 812 2246 ίόν.
835 2181 877 2244 A.

203 2281 331 2348 2.90
351 2278 560 2368 Ἀρίσταρχος
583 2277 820 2366 ὑπέρτεροι.
842 2281 884 2345 A.

257 2388 330 2450 325.
355 2385 455 2466 διχος
475 2386 715 2467 θηρητῆρσι
734 2382 789 2448 καὶ
809 2385 1050 2470 θηρευτῇσι.
1075 2383 1117 2446 A.

255 2486 328 2550 348.
351 2485 567 2568 μένοντες·
589 2480 778 2568 Ζηνόδοτος
797 2485 922 2560 δυίκολς
949 2483 1131 2567 μένοντε.
1155 2485 1196 2550 Α.

257 2588 330 2650 356.
369 2585 549 2667 προηθέτει
585 2580 836 2670 Ἀριστοφάνης.
901 2583 1091 2670 Ζηνόδοτος
1127 2583 1164 2650 δὲ
1202 2579 1283 2656 ου’δὲ

167 2691 329 2772 ἔγραφεν.
354 2688 396 2750 A.

257 2792 329 2855 391.
353 2783 513 2873 έπαόρη
528 2825 572 2838 --
591 2781 701 2866 οὕτως
722 2788 777 2854 καὶ
797 2782 854 2853 διό
869 2789 937 2852 τοῖν
953 2781 1215 2870 ὑπομνημάτων.
1246 2789 1284 2850 έν

169 2907 240 2956 τισι
263 2887 300 2954 δὲ
322 2885 485 2975 γράφεται
508 2885 684 2972 έπαόροι.
705 2890 747 2954 A.

260 2993 331 3056 392.
353 2985 472 3068 νίφα·
494 2984 703 3074 Ἀρίσταρχος
726 2985 872 3072 ἄνδρα.
895 2990 936 3054 Α.

259 3095 332 3157 439.
343 3093 379 3157 αλ
384 3087 601 3176 Ἀριστάρχου
609 3086 718 3169 οὕτως
728 3090 771 3158 τέ
776 3097 846 3168 λος
855 3092 911 3156 καὶ
919 3087 1041 3174 σχεδόν
1049 3085 1184 3159 ἅπασαι.
1198 3093 1284 3175 ἔγνω

170 3189 227 3258 ότι
248 3187 291 3257 οὐ
309 3188 393 3260 κατὰ
415 3194 549 3274 καίριον
571 3192 664 3270 τέλος
683 3182 791 3277 ἦλθεν
812 3185 834 3276 ἡ
855 3188 977 3276 πληγή,
1000 3189 1063 3258 οὐκ
1085 3195 1132 3271 είς
1152 3197 1285 3276 καίριον

174 3292 284 3358 τόπου
304 3288 469 3360 ἐτελεύτα.
486 3292 499 3379 ll
513 3291 704 3377 Ζηνόδοτος
726 3292 763 3358 δέ
782 3291 906 3378 γράφει
927 3294 1067 3380 βέλος,
1096 3298 1220 3372 κακῶς·
1243 3292 1286 3360 οό

174 3395 333 3480 βέβληται
358 3393 412 3480 δὲ,
446 3389 516 3462 ἀλλ’
547 3394 584 3462 έιι
612 3390 722 3478 χειρός
743 3393 899 3480 πέπληγε.
944 3395 1032 3478 λέγει
1063 3395 1100 3460 δέ
1125 3393 1218 3472 τέλος
1248 3392 1285 3460 τό

171 3498 232 3578 τῆς
260 3497 352 3578 ζωῆς.
379 3496 422 3562 Α.
465 3497 645 3584 Didymum
675 3498 710 3562 in
734 3497 785 3562 his
815 3497 879 3562 sibi
902 3497 1017 3561 audire
1037 3499 1168 3564 videtur
1188 3500 1285 3562 etiam

173 3597 296 3660 Friedl.
317 3598 376 3662 Ar.
400 3602 470 3682 196,
494 3620 689 3686 quamquam
712 3597 847 3664 offendit
873 3597 1015 3684 γράφει,
1038 3621 1102 3686 quo
1125 3599 1285 3666 vocabulo

172 3698 218 3762 ad
239 3697 461 3768 Aristonicum
480 3701 639 3766 ducimur.

261 3803 347 3875 [451.
372 3788 537 3872 nimiu
559 3799 700 3877 ἐντελῶς
721 3799 758 3864 αί
774 3795 999 3885 Ἀριστάρχου.
1023 3801 1078 3878 V.]

261 3904 334 3964 451.
366 3899 485 3979 τέλος
517 3899 743 3970 θανάτοιο·
773 3900 944 3987 πρόδηλον
976 3898 1039 3968 τόν
1060 3902 1201 3988 τούτου,
1234 3898 1288 3968 ότι

174 3999 344 4083 γραπτέον
366 4001 472 4079 ετέλος
494 3999 580 4070 κάτα
602 4007 747 4089 κείμεν’
770 4005 873 4090 (439).
897 4000 1086 4087 Ζηνόδοτος
1106 4001 1143 4068 δὲ
1164 4002 1287 4087 γράφει

176 4097 281 4167 πάλιν
304 4106 405 4187 φθῆ
427 4100 858 4189 ossse‘mguavoivoio’.
899 4107 943 4170 A.
965 4105 1106 4170 Possunt
1127 4106 1208 4170 haee
1229 4104 1287 4172 D1

176 4204 267 4288 dymi
290 4225 373 4288 esse,
394 4214 532 4292 possunt
541 4205 731 4288 Αειείουιοι,
754 4208 874 4293 quippe
895 4207 952 4292 qui
967 4207 1132 4290 γραπτέον
1154 4203 1288 4289 ο1γρά-

176 4326 233 4386 φει
255 4304 367 4369 verbis
388 4306 437 4369 uti
458 4305 572 4370 soleat.
