2812 4868
1019 345 1171 408 ’41

38 709 40 714 ,
149 643 245 708 Phot.
270 641 342 720 483,
366 641 406 702 24
426 631 580 718 -Ῥοίχετου
609 635 644 723 (l.
665 635 760 720 τρον)
791 631 829 701 td
850 629 996 701 ὄπισθεν
1012 639 1074 701 τοῦ
1095 659 1176 719 τρα-

64 744 190 830 χήλου,
219 734 281 824 ἀφ’
307 727 349 802 οὖ
371 730 455 821 ἀρχὴ
477 742 534 820 τῆς
560 735 694 824 ῥάχεως.
739 739 929 821 Δίδυμος
951 736 993 803 δὲ
1015 734 1174 820 πλευρόν.

66 841 155 927 Quid
177 844 218 908 de
240 840 395 907 familiari
418 839 555 905 Graecis
579 835 798 906 inconstantia
825 839 956 925 generis
975 841 1178 925 praeceperit

64 947 245 1032 Didymus,
282 942 376 1008 docet
397 941 585 1028 Hesychius
618 943 653 1006 II
678 945 757 1005 1194
781 936 985 1027 ῥάχετμόυ
1006 940 1112 1025 δυχίς,
1133 933 1178 1018 ὡς

65 1041 216 1128 πλευρὰν
233 1042 289 1108 καὶ
311 1039 450 1126 πλευρά.
473 1043 553 1131 (vid.
567 1044 713 1109 Lobeclr.
733 1043 776 1108 ad
799 1043 922 1130 Phryn.
945 1067 977 1130 p.
995 1042 1070 1130 762)
1094 1043 1128 1106 ol
1141 1039 1178 1107 dl

66 1144 129 1233 τὴν
152 1145 251 1233 ῥάχιν
274 1148 336 1209 τοῦ
358 1146 491 1225 ἱερείου.
1153 1181 1156 1190 ,

151 1249 305 1335 Denique
325 1248 367 1312 de
388 1243 556 1325 τευτάζειυ
574 1243 734 1328 conferas,
758 1267 840 1334 quae
861 1245 949 1311 infra
967 1269 1177 1333 exponemus.

522 1417 573 1480 21.
598 1416 649 1478 22.
673 1417 725 1480 23.

151 1536 368 1632 Etymologus
389 1557 527 1622 magnus
545 1534 686 1622 plurima
699 1534 907 1621 Diogeniano
923 1544 1056 1624 accepta
1070 1535 1181 1621 refert,

67 1640 296 1724 Diogenianus
331 1639 517 1726 Pamphilo,
555 1637 745 1724 Pamphilus
780 1659 818 1702 ac
841 1637 996 1724 ¹Zopyrio
1024 1637 1180 1726 Didymo.

68 1740 192 1804 Tamen
217 1763 283 1806 non
308 1749 384 1804 sunt
408 1739 482 1826 plus
511 1761 608 1826 quam
639 1740 698 1802 tris
726 1739 789 1803 loci
795 1787 804 1821 ,
836 1738 892 1826 qui
914 1739 1046 1826 quidem
1068 1759 1088 1802 a
1107 1738 1182 1803 reli-

66 1844 140 1930 ‚qnis
170 1842 411 1929 lexicographi·
445 1842 565 1908 absunt
591 1840 758 1924 omnibus,
792 1862 873 1929 quos
897 1863 915 1905 e
937 1842 1061 1906 comico
1085 1841 1181 1905 Chal-

70 1946 195 2010 centeri
223 1943 330 2009 lexico
356 1945 391 2008 in
417 1953 459 2009 et.
482 1967 526 2009 m.
554 1945 761 2029 immigrasse
785 1964 851 2007 non
880 1943 952 2006 sine
981 1944 1089 2029 specie
1110 1945 1182 2008 veri

71 2047 206 2112 dixeris.
251 2047 306 2110 Et.
330 2069 372 2112 m.
396 2051 464 2128 146,
488 2050 528 2111 39
550 2077 593 2106 =
618 2049 686 2128 133,
711 2048 752 2110 39
770 2038 947 2126 Moneta:
973 2041 1013 2108 τὰ
1030 2041 1184 2128 κρεοπώ-

69 2153 131 2213 λια.
179 2147 377 2231 Δίδυμος.
399 2149 479 2213 Hes.
501 2149 598 2212 1542
618 2144 655 2212 oi:
678 2141 719 2211 τὰ
740 2152 946 2231 spectatae
963 2148 1031 2210 τῶν
1054 2141 1184 2231 προβά-

71 2271 147 2314 των.
192 2249 248 2314 Et.
272 2273 315 2314 m.
339 2254 411 2332 345,
433 2254 468 2314 3:
496 2244 731 2324 Ἐυωπίδεςτ
753 2249 790 2312 at
805 2244 1010 2330 θεράπαιναι
1033 2242 1123 2331 παρὰ
1144 2243 1182 2311 τὸ

43 2357 45 2361 ’
70 2349 222 2416 ἕπεσθαι.
258 2353 456 2434 Δίδυμος.
481 2351 597 2433 ‚Locus
624 2349 777 2432 affectus3
799 2348 943 2414 rescribe
964 2349 1045 2414 Hes.
1065 2349 1083 2413 I
1103 2351 1183 2413 1413

71 2460 203 2518 anctore
227 2451 432 2529 ἐπωμίδος
455 2451 641 2533 ἐπίσκοποι,
663 2442 851 2514 ἀκόλουθοι
867 2446 956 2534 παρὰ
972 2452 1184 2535 Λακεδαιμο-

71 2555 155 2630 νίοις
187 2552 262 2619 coll.
291 2562 333 2619 et.
356 2578 399 2620 m.
423 2553 583 2619 ἐπωμίδα.
628 2551 776 2616 Fuerunt
803 2553 903 2638 igitar
937 2551 993 2640 qui
1021 2550 1185 2628 ἐπυπίδες

72 2655 266 2722 vocabulum
299 2658 513 2743 compositum
545 2647 714 2742 (tat-do)
749 2653 999 2737 arbitrarentur,
1039 2652 1096 2716 alii
1129 2655 1185 2740 qui

73 2753 236 2834 tumaides
252 2760 447 2841 eminerent,
470 2758 720 2841 derivarentque
735 2743 777 2819 ab
793 2753 945 2820 ἕπεσθαι.
970 2754 1022 2820 Of.
1035 2754 1183 2841 Lycoph.

75 2861 152 2922 1179
174 2857 322 2924 Lobeck.
339 2860 501 2948 Aglaoph.
526 2859 544 2922 I
565 2881 597 2944 p.
612 2859 683 2921 224.
708 2856 804 2921 Adde
827 2853 1000 2941 ἑπάμονες.
1017 2857 1122 2920 -Et
1141 2879 1184 2922 m.

74 2961 133 3023 347
158 2958 325 3044 ἐπίβδοιι
349 2960 423 3026 coll.
446 2961 526 3026 Hes.
552 2961 668 3024 11041
693 2957 826 3023 Ruhnk.
850 2956 934 3023 Tim.
954 2982 987 3046 p.
1007 2963 1078 3024 119.
1110 2959 1184 3024 Ari-

74 3061 149 3127 stid.
173 3061 192 3124 I
213 3085 245 3148 p.
274 3064 347 3127 352.
648 3068 651 3072 ’

146 3165 204 3230 'At
226 3166 359 3229 veroin
380 3172 532 3251 suscepta
554 3163 616 3227 hac
638 3163 679 3228 de
699 3159 837 3248 Didymi
855 3159 1077 3227 voluminibus
1100 3157 1185 3227 com‘·

73 3268 271 3330 mentatione
288 3287 363 3330 eum
378 3287 444 3330 nen
462 3264 523 3330 hoe
539 3265 644 3330 solum
660 3261 832 3330 eonsilium
848 3263 1028 3347 moliamur,
1045 3273 1089 3346 ut,
1103 3286 1186 3351 quae

74 3367 221 3454 adposito
239 3367 306 3431 viri
323 3366 572 3432 laboriosissimi
587 3366 719 3432 nomine
735 3365 1013 3449 circumferantur,
1029 3365 1186 3430 librorum

73 3469 229 3555 reliquias
247 3469 283 3533 in
300 3489 405 3532 unum·
423 3489 586 3552 cogamus,
612 3465 670 3530 sed
688 3466 795 3549 etiam,
818 3487 1040 3555 quaecumque
1055 3469 1186 3533 nomine

74 3592 138 3636 non
159 3569 287 3635 adiecto
309 3569 352 3634 ad
373 3569 697 3656 eundemauctorem
721 3570 907 3634 revocanda
929 3591 1000 3635 esse
1021 3570 1184 3652 videntur,

75 3673 236 3760 dispicere
253 3680 285 3736 et
302 3693 361 3736 suo
379 3693 527 3758 quaeque
544 3673 670 3736 auctori
687 3671 856 3736 vindicare
869 3673 1066 3755 studeamus,
1086 3675 1184 3739 video

74 3775 138 3839 iam
160 3776 282 3840 nostris
303 3773 445 3838 humeris
468 3770 530 3838 hoc
550 3775 673 3861 imponi
695 3775 871 3859 negotium,
894 3782 939 3858 ut,
958 3775 1045 3862 quod
1060 3775 1182 3840 Meiue-

74 3875 148 3942 kius
171 3877 194 3942 l.
207 3897 236 3940 c.
260 3876 383 3940 dudum
405 3877 558 3960 coniecit,
583 3878 744 3942 ‘dubitari
762 3897 828 3941 non
849 3897 962 3963 posse,
978 3879 1057 3964 quin
1072 3877 1183 3959 multa,

74 3999 155 4064 quae
180 3977 268 4064 apud
288 3977 507 4065 Hesychium,
537 3979 843 4066 Harpocrationem,
871 3979 1081 4044 Eustathium
1101 3986 1186 4042 cete-

73 4099 192 4165 rosque
218 4082 449 4165 grammaticos
478 4083 577 4172 tacito
609 4082 750 4146 auctoris
783 4082 914 4146 nomine
943 4081 1107 4164 legantur,
1143 4101 1186 4143 ex

75 4180 187 4246 eodem
204 4182 296 4246 fonte
309 4183 493 4266 fluxerint,'
517 4183 552 4247 id
575 4185 758 4248 rectissime
780 4183 957 4248 coniecisse
973 4182 1081 4246 virum
1096 4182 1184 4245 omni

73 4277 167 4347 laude
190 4286 347 4356 maiorem
368 4286 554 4352 adcuratius
577 4286 673 4351 nobis
696 4284 985 4350 demonstrandum
1007 4303 1183 4347 sumamus.
