2812 4868
1146 351 1185 412 75

78 515 168 596 είδος
190 513 212 602 ἢ
231 512 398 602 ἀγγεῖον),
427 518 473 592 είς
494 510 538 600 (δ’)
561 487 619 602 τὰς
640 511 783 600 λάταγας
802 510 981 601 (ἠφίεσαν).
1027 514 1186 601 Μάνης]

78 622 286 707 κυβευτικοῦ
308 616 414 703 βόλου
438 620 683 703 (προσηγορία),
704 613 860 700 καθάπερ
882 610 1058 703 Εὔβουλος
1086 622 1187 702 παρί-

77 739 175 806 στησι
209 720 263 786 καὶ
291 715 404 786 άλλοιν
438 719 629 804 καταλέγων
657 715 771 804 βόλων
800 713 948 804 ὀνόματα
977 719 1031 786 καί
1059 717 1187 785 δούλου

77 819 187 909 ὄνομα
197 821 417 912 βαρβαρικόν.
441 822 591 886 Rankius
614 821 655 887 de
667 821 746 886 Hes.
762 844 794 908 p.
808 823 847 884 94
871 821 971 886 ‘nihil
993 831 1051 905 est,
1073 823 1189 909 inquit,

78 926 166 1015 quod
180 947 239 990 nos
255 925 428 1013 impediat,
451 926 624 1011 quominus
646 944 717 987 eam
740 945 837 1010 quam
849 923 1072 989 desideramus
1085 925 1187 988 notio-

76 1051 152 1091 nem
181 1026 223 1091 ab
252 1035 443 1112 excerptere
476 1027 629 1091 emissam
648 1024 848 1090 credamus)
895 1025 1025 1092 Codicis
1047 1026 1187 1112 pessime

77 1127 181 1193 habiti
206 1127 303 1214 eulpa
325 1137 391 1210 est,
414 1150 480 1193 nen
502 1126 717 1214 excerpentis.

609 1315 660 1376 39.

167 1452 220 1516 De
247 1473 328 1516 voee
356 1445 560 1534 κιβώριον
586 1471 713 1535 queque
736 1447 900 1534 Didymus
928 1451 1079 1535 exposuit
1104 1459 1188 1517 teste

79 1556 249 1622 Athenaeo
277 1553 328 1618 XI
355 1575 387 1638 p.
417 1556 479 1614 477
509 1551 699 1633 Δίδυμος
727 1547 767 1613 δέ
793 1567 876 1631 φησι
907 1555 1070 1634 ποτηρίου
1098 1546 1186 1630 εἶδος

80 1652 176 1742 εἶναι.
221 1653 274 1719 καὶ
299 1649 371 1736 τάχ’
393 1647 436 1717 άν
460 1657 510 1736 είη
533 1648 572 1716 τά
595 1648 760 1735 λεγόμενα
782 1647 921 1735 οκάφια,
944 1649 999 1718 διὰ
1018 1647 1056 1718 τδ
1078 1650 1186 1718 κάτοι-

79 1767 144 1824 δεν
169 1757 216 1835 είς
239 1751 360 1822 στενὸν
382 1759 567 1838 συνῆχθαι,
599 1747 643 1829 ὡς
665 1748 705 1818 τὰ
728 1749 896 1835 Αίγύπτια
923 1749 1076 1839 κιβώρια.
1121 1757 1186 1820 Ηο-

80 1861 353 1949 sych.11p.254
377 1852 572 1942 κιβώρια·
596 1851 786 1938 Αίγύπτιον
807 1850 914 1940 ὄνομα
935 1854 988 1920 ἐπὶ
1012 1859 1184 1940 ποτηρίου.

604 2064 655 2123 40.

117 2199 120 2206 ’
161 2195 323 2261 suecedet
351 2195 471 2260 Athen.
502 2195 614 2282 XIP·
646 2195 705 2258 481
732 2215 779 2279 sq.
810 2197 1005 2279 κυμβίον·
1041 2195 1123 2279 φησὶ
1149 2193 1187 2262 δὲ

77 2300 269 2381 Δίδυμος
300 2291 318 2361 ὁ
346 2290 635 2382 γραμματικὸς
662 2293 818 2378 ἐπίμηκες
849 2289 934 2358 εἶναι
960 2289 995 2359 τδ
1024 2292 1186 2379 ποτήριον

15 2395 16 2399 ’
78 2398 132 2465 καὶ
156 2394 280 2464 οτενόν
304 2403 349 2486 τῷ
370 2396 510 2484 σχήματι
539 2395 726 2483 παρόμοιον
754 2400 859 2484 πλοίῳ
895 2397 1069 2484 adscriptis
1097 2400 1187 2462 testi-

77 2503 193 2566 moniis
225 2523 267 2564 ex
287 2501 523 2566 Anaxandride
543 2507 575 2564 et
596 2498 738 2564 Alexide
761 2501 892 2564 comicis
914 2509 946 2563 et
970 2499 1187 2565 Eratosthene

77 2605 197 2690 petitis.
243 2602 387 2690 Hesyeh.
412 2603 499 2689 Hp.
522 2605 583 2666 376
611 2602 806 2685 κυμβίον·
836 2596 923 2677 εἶδος
947 2599 1186 2684 ποτηρίουκαὶ

78 2709 207 2768 πλοίου.
230 2704 374 2768 Maerob.
389 2704 518 2768 Saturn.
532 2727 564 2790 p.
582 2706 640 2767 561
660 2725 708 2790 sq.
732 2703 783 2768 ed.
798 2703 900 2768 Zeun.
918 2700 1019 2767 schol.
1033 2703 1129 2766 Hom.
1144 2701 1184 2766 Il.

79 2809 106 2868 0
132 2809 195 2869 536
225 2803 262 2868 τὸ
292 2802 451 2870 διάκενον
479 2799 515 2868 τδ
536 2799 622 2890 ὑπὲρ
645 2807 703 2888 τῆς
726 2809 880 2888 κορυφῆς
901 2793 1063 2888 κεφαλῆς,
1100 2797 1186 2869 ὅθεν

78 2905 131 2970 καί
153 2910 279 2991 κυμβία
302 2905 489 2992 τοιουτοίδη
511 2901 663 2992 ποτήρια.
710 2905 811 2972 BLV.
834 2905 929 2971 Phet.
957 2909 1026 2991 186,
1052 2910 1099 2971 12.
1154 2953 1155 2956 ,

606 3113 657 3175 41.

99 3261 102 3268 ’
160 3245 314 3332 Denique
332 3245 394 3310 hue
416 3247 557 3332 pertinet
573 3211 762 3327 Athen-XI
776 3273 808 3337 p.
825 3254 886 3316 484
901 3251 929 3316 F
952 3231 1184 3336 λαβράνια-·

73 3386 113 3397 —
137 3347 326 3430 Δίδυμος
345 3341 381 3410 δὲ
403 3341 522 3431 ὅμοιον
544 3343 652 3414 αὐτὸν
674 3343 762 3414 εἷναί
777 3369 860 3434 φησι
882 3354 1056 3438 βομβυλιῷ
1079 3343 1099 3435 ἢ
1123 3355 1185 3435 βα-

75 3451 201 3534 τιακίῳ.
247 3447 327 3518 Hes.
351 3449 386 3512 ΙΙ
407 3472 439 3535 p.
460 3453 521 3512 406
542 3447 789 3535 λαβρόνιον·
813 3448 901 3531 εἶδος
923 3457 1086 3538 ποτηρίου
1100 3460 1186 3518 πλα-

76 3547 158 3628 τέος.
183 3549 308 3613 Eadem
319 3547 456 3614 Photius
475 3552 548 3636 200,
562 3555 601 3616 23
619 3553 783 3639 adscripto
797 3554 971 3619 Menandri
987 3557 1185 3621 testimonio.

75 3650 127 3716 Of.
153 3650 254 3716 sehol.
278 3651 321 3714 ad
346 3651 447 3716 Olem.
470 3651 568 3718 Alex.
591 3652 735 3744 Paedag.
760 3655 804 3739 ΙΙ,
828 3658 846 3720 3
871 3679 922 3746 ep.
947 3657 1038 3744 sylb.
1060 3660 1095 3722 in
1117 3658 1184 3724 ind.

602 3807 653 3904 ιε.

159 3972 280 4038 Athen.
310 3973 346 4037 II
370 3971 466 4060 p.'56
489 3974 521 4038 D
557 3969 697 4060 Ἔλεγον
732 3975 769 4041 δὲ
798 3975 856 4056 τὰς
880 3981 1062 4062 δρυπεπεῖς
1087 3976 1185 4057 ἐλάας

74 4075 130 4139 καὶ
153 4071 288 4157 ἰσχάδας
309 4073 364 4139 καὶ
386 4081 616 4161 γεργερίμους,
637 4073 683 4155 ὥς
701 4099 785 4162 φησι
808 4083 1004 4163 Δίδυμος.
1037 4081 1181 4166 Hesyeh.

78 4177 102 4362 <Il
123 4177 535 4362 γηρὲἰῖνγεργίριμοι·
566 4177 664 4257 ἐλάας
694 4177 780 4298 εἶδος
807 4181 862 4246 καὶ
890 4180 927 4247 τὸ
955 4179 1053 4258 ἐλάας
1074 4183 1181 4268 ῥῦσον
