2866 4882
1175 391 1237 452 277

126 550 256 614 starcho
276 550 410 636 eiusque
429 549 656 617 decessoribus
673 553 820 616 intimam
836 551 1092 619 familiaritatem
1112 570 1237 626 contra-

124 654 226 734 xerit,
260 652 371 739 ecquis
400 659 465 734 est,
498 655 553 738 qui
584 654 685 718 alium
718 655 753 716 in
790 653 933 716 animum
960 654 1112 742 inducat,
1139 684 1237 747 quam

123 754 321 840 Didymum,
346 774 442 838 quem
464 754 644 820 Aristonici
666 756 701 818 in
719 754 885 819 volumine
908 776 966 818 suo
990 754 1030 820 de
1052 758 1236 828 Aristarchi

124 857 210 919 notis
247 856 368 919 criticis
394 855 626 941 comportando
656 856 781 920 fontem
808 853 910 918 fuisse
942 877 959 918 e
989 857 1103 934 scholl.
1133 862 1173 926 Il.
1207 869 1236 929 Θ

125 959 186 1020 535
210 959 295 1021 086
319 965 455 1021 constat.
499 957 573 1021 Hoc
592 957 680 1020 enim
701 978 797 1020 nemo
818 957 964 1042 profecto
989 962 1074 1024 serio
1104 972 1236 1030 conten·

123 1059 224 1141 derit,
248 1060 458 1143 interpretem
479 1058 641 1143 quendam
657 1058 827 1144 Euripidis
850 1058 1043 1124 deteriorem
1065 1062 1101 1126 id
1118 1066 1234 1151 egisse,

122 1169 159 1223 ut
185 1160 367 1223 Aristonici
391 1158 560 1224 volumina
594 1160 628 1223 in
658 1157 827 1245 Euripidis
856 1163 1086 1226 commentario
1121 1186 1235 1253 perpo-

123 1260 233 1326 liendo
255 1260 427 1325 adhiberet
459 1269 617 1346 notasque
648 1261 718 1346 ipse
741 1261 870 1324 demum
894 1261 1064 1326 adtineret.
1109 1265 1235 1332 Harum

123 1363 224 1447 igitur
245 1371 405 1444 notarum,
428 1384 565 1448 quarum
583 1359 697 1424 scholl.
710 1358 788 1422 Eur.
810 1362 965 1426 maiorem
988 1364 1085 1427 etiam
1108 1367 1235 1452 copiam
1329 1405 1333 1411 ·

124 1466 307 1548 continent,
336 1485 434 1550 quam
457 1461 571 1526 scholl.
595 1461 693 1547 Soph.
716 1461 832 1543 Laus,
861 1485 1030 1528 numerum
1057 1465 1145 1531 haud
1167 1470 1234 1532 exi-

123 1587 223 1649 guum
246 1563 473 1630 concumulare
497 1561 596 1646 lubet,
619 1563 707 1627 idem
728 1571 765 1626 ut
786 1585 1008 1650 assequamur,
1029 1569 1115 1654 quod
1139 1568 1233 1633 nobis

126 1668 225 1732 simili
247 1666 440 1732 collectione
468 1665 503 1727 in
525 1663 714 1750 Sophocleis
739 1661 870 1728 scholiis
893 1669 1018 1732 auctori
1041 1690 1099 1733 suo
1127 1669 1233 1734 vindi-

124 1770 238 1833 candis
259 1767 401 1833 assecuti
425 1786 496 1829 esse
519 1764 679 1829 videmur.

208 1870 296 1934 Med.
328 1872 387 1932 136
414 1869 633 1949 σεσημείωται
654 1860 692 1929 τό
715 1870 919 1948 γαμοῦσα.
966 1873 1026 1935 663
1049 1876 1232 1955 σεσημείω-
1261 1875 1269 1888 “

68 2045 72 2052 ¹
122 1993 175 2033 ται
194 1971 242 2053 δέ,
265 1969 336 2034 ἐπεὶ
358 1965 395 2033 ni
418 1970 547 2051 δεῦρο
571 1960 731 2051 χρονικόν
755 1961 848 2032 εἶπεν
872 1970 1001 2056 (Lehrs.
1025 1972 1083 2036 Ar.
1105 1995 1137 2058 p.
1161 1977 1231 2037 140.

127 2072 213 2153 153).
244 2069 317 2135 ΑΙο.
343 2072 403 2132 773
427 2063 480 2134 0ιό
504 2065 540 2133 τὸ
564 2092 599 2153 χ,
629 2063 680 2131 ὅτι
704 2073 864 2153 ποτῆρα
885 2064 1071 2152 ἀρσενικῶς
1094 2079 1231 2155 είρηται.

122 2171 204 2235 Ηοο.
223 2174 262 2234 20
286 2168 495 2246 διαύλοις·
518 2164 583 2234 ιἰπὸ
598 2172 788 2250 μεταφορᾶς
812 2174 948 2252 εἴρηται,
970 2169 1055 2252 πρὸς
1076 2166 1096 2234 d
1118 2171 1172 2234 καὶ
1194 2169 1231 2237 τό

121 2268 242 2357 χπρός
263 2267 325 2356 τὴν
348 2269 527 2358 διαφοράν.
572 2274 633 2335 285
660 2271 863 2352 σημειωτέον
884 2272 937 2354 δέ,
965 2266 1016 2334 ὅτι
1039 2267 1098 2333 τὸν
1120 2269 1232 2352 φθό-

123 2400 201 2440 νον
221 2380 287 2439 νῦν
307 2375 360 2440 ἐπὶ
382 2378 445 2441 τοῦ
468 2372 587 2458 μώμου
605 2375 750 2454 τίθησιν.
797 2373 858 2435 320
880 2372 1130 2453 πρεσβῦται·
1153 2368 1190 2437 τὸ
1213 2398 1232 2457 χ

123 2475 209 2560 πρὸς
230 2472 292 2560 τὴν
313 2470 507 2559 συγκοπήν·
529 2470 754 2557 πρεσβύτεραι
770 2466 833 2554 γὰρ
850 2472 917 2535 ἔδει
931 2473 1036 2532 εἰπεῖν
1059 2470 1116 2556 (cf.
1132 2472 1230 2536 Hom.

122 2580 163 2644 Il.
189 2582 302 2644 0656
331 2575 482 2659 πρώτων.
515 2574 684 2658 πρωτέων.
716 2572 913 2655 προτέρων).
966 2573 1026 2634 365
1048 2576 1231 2656 σεσημείω-

123 2705 176 2746 ται
198 2682 244 2763 δέ,
268 2675 319 2745 ὅτι
337 2675 400 2762 τὴν
421 2675 564 2760 θήλειαν
590 2673 717 2742 κάσιν
739 2675 904 2756 ἐποίησεν.
949 2670 1048 2756 Hipp.
1075 2676 1134 2735 170
1157 2674 1228 2738 VR.

123 2777 251 2847 rdvd'
257 2773 555 2862 ἐκκομίζονσ·
578 2801 679 2842 τουτο
691 2778 953 2858 σεσημειωται
922 2794 968 2835 τω
986 2765 1230 2856 Ἀριστοφάνει,

123 2879 175 2949 ὅτι
209 2886 315 2947 καίτοι
345 2884 391 2968 τῷ
422 2877 647 2962 ε’κκνκλήματι
677 2875 845 2960 χρώμενος
881 2865 918 2934 td
952 2871 1251 2956 ἐκκομίζουσιν

123 2985 314 3105 προσέθηκε
338 2984 514 3064 περισσοῖς.
535 2982 592 3044 Or.
606 2982 642 3042 81
668 2975 809 3064 χιίζεται
830 2965 848 3035 ὁ
873 2973 992 3053 στίχος.
1011 2975 1230 3054 σεσημείωται

94 3091 95 3094 ’
123 3081 187 3169 γὰρ
210 3083 246 3150 τό
271 3081 379 3167 ὄνομα
399 3107 457 3166 της
472 3077 613 3164 Ἑλένης,
637 3081 678 3138 cf.
702 3075 778 3138 Tro.
802 3075 874 3137 888.
919 3073 1226 3163 Androm.106[?]

122 3183 345 3270 χιλιόνανς
372 3185 418 3248 toi
445 3175 694 3296 ἀπηρτιρμένῳ
705 3169 841 3260 ἀριθμῷ
866 3172 1113 3257 ἐχρήσατοί
1082 3173 1144 3239 εἰσὶ
1167 3175 1230 3258 γὰρ

122 3291 159 3352 αί
184 3311 262 3371 νηες
283 3281 415 3380 αροσί.
461 3287 522 3348 504
549 3274 587 3341 ad
609 3301 644 3360 χ,
674 3300 725 3340 οτι
754 3268 940 3358 φίλιονῆ
963 3273 1127 3340 λείπειτὸ
1151 3279 1228 3342 Δία.

123 3395 186 3455 607
208 3390 403 3473 τρωθείς·
426 3371 686 3464 σημειωτέον,
666 3401 717 3440 οτι
739 3378 919 3458 τρωθείς
950 3371 1057 3461 εἶπεν,
1086 3401 1127 3441 ον
1147 3383 1231 3497 βλη-

122 3494 198 3567 θείς
224 3489 354 3577 (Lehrs
376 3487 432 3551 Ar
455 3480 569 3568 pus).
599 3478 699 3542 Rhes.
713 3481 748 3539 41
776 3500 795 3559 χ
819 3481 1025 3558 πνραίθει
1048 3476 1231 3558 στρατὸς

120 3585 366 3674 Ἀργόλαος·
395 3580 432 3647 τὸ
455 3606 491 3664 χ,
520 3576 571 3645 ὅτι
600 3579 773 3654 συνθέτως
800 3574 1086 3661 ἀναγιγνώσκεται
1105 3574 1199 3643 καὶ”
1178 3603 1231 3644 οτι

123 3689 188 3757 οὐκ
214 3694 305 3757 ἔστιν
327 3679 519 3768 Εὐριπίδου
546 3675 564 3746 ὁ
588 3683 706 3762 στίχος.
752 3682 813 3742 256
839 3674 1141 3762 κακογάμβρον
1166 3675 1230 3743 οὐκ

121 3787 270 3875 ἀκριβῶς
299 3793 442 3871 εἴρηκεν.
487 3778 529 3848 οὐ
551 3777 615 3864 γὰρ
634 3775 850 3862 Ἀγαμέμνων
878 3785 918 3867 τῇ
934 3775 1048 3863 Ἑλένη
1071 3774 1229 3861 γαμβρός.

123 3887 227 3955 424“
207 3914 258 3957 οτι
280 3883 433 3953 νόστον
456 3881 569 3960 ἁπλοῖς
586 3905 649 3965 Ιτην
672 3875 756 3946 ὁδὸν
778 3877 887 3946 καὶ
854 3905 915 3946 τον
937 3883 1047 3946 πλονν
1069 3880 1144 3961 ἔφη.
1170 3881 1231 3942 712
1357 3955 1359 3960 Δ

124 3987 453 4075 ψαφαρόχρουν·
476 3983 513 4050 τὰ
537 4010 566 4069 χ,
586 3979 636 4048 ὅτι
659 3978 835 4065 φαλακρὸν
857 3976 961 4046 αυτὸν
985 3978 1086 4045 εἶπεν.
1107 3979 1230 4042 Phoen.

125 4097 165 4156 52
183 4093 269 4177 Aug.
298 4085 350 4154 ἐπ’
381 4085 497 4154 οὐδένι
523 4097 626 4151 κεῖται
649 4080 686 4149 τὸ
708 4075 914 4148 ἔπαθλα
899 4106 919 4165 η
943 4078 1035 4167 μόνῳ
1058 4084 1103 4167 τῷ
1124 4072 1232 4157 Ευρι-

125 4195 214 4278 πίὸη.
259 4197 299 4255 77
322 4183 469 4254 λείπει
455 4213 472 4253 o
497 4189 572 4252 καί.
618 4190 675 4251 361
702 4186 851 4272 (Barocc.
873 4184 927 4266 74)
952 4202 1054 4244 ονκο
1037 4175 1127 4262 οἶμαι
1149 4171 1232 4242 ταύ-

124 4288 185 4358 τὸν
204 4287 289 4358 εἶναι
311 4287 467 4375 τάρβος
489 4288 544 4353 καὶ
566 4284 843 4374 φόβον(Ιιε1ο·ε.
855 4284 913 4347 Ar.
928 4305 960 4368 p.
978 4281 1044 4370 89).
1069 4284 1131 4345 973
1144 4278 1231 4372 Aug
