2894 4890
226 357 287 420 256

759 525 811 588 45.

234 677 264 722 p
316 643 396 704 1369
423 639 550 725 (1363).
586 636 1084 724 Σύμμαχος-«Δίδυμος
1106 640 1161 705 δέ·
1189 635 1263 706 άντὶ
1285 644 1344 726 τῆς

225 741 389 825 πτέρυγος
406 734 529 804 ἀσπίδα
542 741 683 805 δίδωσιν
704 734 807 828 αύτῷ,
827 735 902 805 ἀντὶ
918 737 955 806 δέ
969 747 1031 808 τοῦ
1046 739 1219 826 πλήκτρου
1234 744 1341 825 ξίφος.
1376 821 1382 832 .

224 833 311 927 ἦλθε
341 839 406 926 γάρ
438 837 484 918 ὥς
500 835 710 927 ’ἀλεκτρυών
738 845 972 929 πτερωθῆναι,
1005 844 1077 910 ἐπεὶ
1108 844 1231 910 ἐκεῖνοι
1261 841 1343 920 τούς

225 945 369 1031 πατέρας
391 941 587 1009 τύπτουσιν.
648 955 650 962 ’

702 1133 704 1138 ,
755 1067 806 1128 46.

312 1177 783 1265 1379.τίδεύροπόδασύ
800 1175 975 1247 κνλλόν·
1001 1173 1124 1256 άλλως·
1147 1183 1343 1264 Δίδυμος

225 1281 287 1370 ’μέν
301 1282 437 1366 κύκλον,
452 1279 522 1346 ἐπεὶ
544 1283 694 1346 κυκλίων
713 1278 871 1370 ᾀσμάτων
884 1279 1024 1364 ποιητής
1046 1281 1125 1346 ἐστι.
1149 1278 1278 1358 κυλλὸν
1291 1283 1339 1364 δέ,

225 1387 296 1452 ἐπεὶ
317 1385 424 1470 χωλός
445 1383 545 1448 ἐστιν.
566 1389 693 1467 εἴρηται
716 1383 753 1449 δὲ
776 1384 852 1470 περὶ
873 1380 981 1450 αὐτοῦ
997 1385 1033 1448 έν
1049 1381 1244 1466 Βατράχοις.
1268 1377 1341 1448 ὅδὲ

222 1483 450 1570 Ἀριστοτέλης
472 1486 509 1550 έν
530 1497 602 1562 ταῖς
624 1488 863 1564 Διδασκαλίαις
891 1483 954 1550 δύο
975 1483 1058 1568 φησὶ
1081 1484 1273 1569 γεγονέναι·
1297 1523 1341 1536 »-

225 1587 409 1672 Σύμμαχος
435 1581 560 1663 οὕτως’
595 1583 790 1672 Εὐφρόνιος
817 1587 873 1652 ’καὶ
897 1584 963 1652 κτέ.
999 1587 1060 1680 ΔΙ)ε
1083 1586 1237 1652 hocloco
1259 1587 1342 1673 quid

225 1698 365 1754 statuam
385 1689 491 1753 dicam
512 1688 609 1753 infra.
755 1777 795 1836 47

229 1901 231 1906 ’
313 1892 393 1955 1528
419 1889 544 1978 (1520).
564 1885 779 1971 Ἰλλυριοί·
803 1893 1002 1975 Δίδυμος,
1026 1883 1137 1973 όέσπερ
1159 1888 1338 1976 βάρβαροι.

225 1993 390 2060 ἀνέπλασε
418 1990 457 2056 δέ
481 2016 513 2055 τι
538 1991 636 2074 γένος
661 1996 754 2056 θεων
776 1990 960 2077 βαρβάρων
986 1996 1183 2077 Τριβαλλῶν
1206 1986 1341 2057 άνιύτα-

226 2120 285 2161 τον
309 2090 495 2183 (ἀνώτερον
513 2092 584 2157 MS.
605 2093 743 2179 Bentl.),
765 2085 839 2158 οἷον
861 2088 973 2177 ιόσπερ
989 2093 1042 2159 ἐπὶ
1060 2097 1129 2158 των
1143 2088 1341 2175 άνθριύπων

225 2195 380 2284 βάρβαρα
411 2199 504 2281 ἔθνηΙ
529 2195 732 2282 πορρωτάτω
760 2193 997 2278 καθεστήκασι.
1038 2195 1113 2274 περὶ
1141 2192 1177 2259 δὲ
1200 2194 1340 2283 Θράκην

226 2300 310 2366 εἰσὶν
333 2301 367 2364 οί
382 2291 545 2384 Ἰλλυριοί.

754 2451 811 2514 48.

314 2572 395 2635 1684
421 2572 546 2658 (1677).
586 2567 653 2631 καὶ
687 2565 858 2650 μεγάλα·
896 2565 957 2652 τὴν
982 2565 1089 2653 καλὴν
1110 2568 1165 2633 καὶ
1190 2570 1341 2655 μεγάλην

226 2677 407 2740 Βασιλείαν
432 2683 562 2756 γαμεῖν.
593 2664 683 2734 οὕτω
702 2671 896 2753 Δίδυμος.

658 2847 659 2850 ’
756 2844 808 2904 49.

314 2962 398 3023 1687·
424 2959 548 3047 (1680).
573 2953 711 3041 ὥσπερ
731 2958 774 3022 αἱ
792 2953 1026 3041 χελιδόνες·
1048 2955 1277 3043 Σύμμαχος
1297 2999 1340 3009 --

224 3057 300 3126 ὁδέ
319 3062 508 3143 Δίδυμος
530 3054 633 3124 οὕτω·
660 3056 872 3143 καταλλήλας
896 3055 992 3144 εἶχεν,
1016 3063 1047 3125 εί
1067 3061 1192 3143 ἔλεγεν,
1216 3054 1261 3138 ὡς
1281 3058 1341 3138 τάς

225 3158 408 3244 χελιδόνας.
437 3160 530 3224 θέλει
552 3159 589 3224 δὲ
612 3160 733 3245 λέγειν,
759 3164 789 3226 εί
809 3156 853 3244 μὴ
874 3163 999 3245 βαδίζει
1022 3156 1106 3242 πρὸς
1129 3159 1188 3238 τάς
1205 3161 1339 3244 χελιδό-

122 3285 126 3290 ’
226 3286 296 3338 νας.
319 3257 373 3325 διδ
396 3261 612 3350 καλιέποίσει·
644 3258 771 3327 ούκούν
792 3264 1003 3345 παραδοῦναι
1025 3272 1096 3340 ταῖς
1115 3261 1263 3345 χελιδόσι
1283 3263 1340 3328 λε’-

224 3386 287 3445 γει.
314 3356 429 3446 ἐπειδὴ
457 3361 513 3426 καὶ
541 3356 645 3440 αὐτὸς
674 3357 758 3445 πρὸς
780 3356 883 3440 αὐτάς
905 3365 1029 3448 βαδίζει
1052 3365 1099 3440 είς
1119 3369 1340 3447 Νεφελοκοκ-

225 3467 357 3546 κυγίαν.

751 3551 803 3612 50.

246 3675 249 3682 ’
310 3669 402 3732 1711.
422 3661 444 3750 ἡ
466 3667 631 3750 γλῶσσα
652 3670 797 3751 χωρίς·
820 3663 1056 3750 Σύμμαχος.
1079 3703 1122 3718 -·
1145 3669 1342 3751 Δίδυμος

224 3765 278 3832 δέ·
302 3767 340 3832 έν
358 3778 429 3845 ταῖς
449 3770 587 3844 θυσίαις
609 3765 710 3851 χωρὶς
732 3761 752 3851 ἡ
774 3771 909 3851 γλῶσσα
929 3767 1092 3852 ἐτέμνετο,
1113 3764 1155 3834 ού
1173 3769 1339 3852 μετὰτῶν

223 3864 336 3933 ἄλλων
369 3865 580 3951 σπλάγχνων.
622 3869 676 3932 καὶ
702 3863 862 3952 Ὅμηρος·
906 3864 1008 3936 (ἀλλ’.
1025 3864 1085 3953 άγε
1106 3869 1246 3974 τάμνετε
1277 3868 1340 3954 μὲν

154 3983 156 3990 ’
224 3968 398 4054 γλώσσας)
422 3968 552 4051 ἐγένετο
576 3967 612 4033 δέ
633 3974 733 4035 τούτο
753 3964 799 4035 δι’
820 3967 926 4053 ἄλλην
946 3973 1066 4054 αἰτίαν,
1079 3966 1187 4052 οὕτως
1202 3971 1238 4036 δὲ
1253 3968 1339 4054 βού-

197 4090 205 4112 ··
224 4076 315 4135 λεται
338 4068 458 4152 λέγειν,
479 4065 531 4135 ὅτι
552 4068 716 4154 ἐξεβλήθη
736 4071 772 4135 έκ
785 4075 853 4136 τῶν
876 4068 1076 4154 σπλάγχνων
1099 4067 1154 4135 διά
1174 4066 1255 4146 τούς
1270 4069 1338 4153 ῥή-

223 4193 323 4250 τορας
349 4163 370 4251 ἡ
399 4173 552 4254 γλῶσσα,
587 4170 657 4234 έπελ
682 4168 788 4256 ταύτη
818 4170 897 4250 τούς
926 4165 1050 4249 άλλους
1082 4174 1338 4237 κακοποιούσιν.

51 4341 53 4346 .
95 4355 96 4358 Ἴ
221 4269 357 4334 Homeri
378 4270 468 4335 locus
491 4281 541 4336 est
561 4273 669 4354 7332.
693 4273 837 4354 341,,ο1.
854 4273 954 4338 schol.
970 4296 1003 4359 p.
1022 4277 1091 4362 105.
1110 4277 1129 4337 6
1146 4293 1197 4360 sq.
1212 4274 1337 4342 Buttm.
