2866 4882
213 335 277 402 324

214 515 346 586 χουσιν.
371 491 437 583 lyci
456 493 493 561 δὲ
514 490 683 578 Ζάπυρον
704 498 820 576 ληρεῖν
840 494 962 576 νομίζω
985 491 1128 575 λέγοντα
1147 493 1273 556 τοῦτον
1296 490 1334 556 ἐν

216 597 333 687 Θρᾴκη
367 594 653 678 τετελευτηκέναι,
686 588 751 662 κάν
781 589 966 677 ἀληθεύειν
997 595 1114 678 νομίζη
1136 589 1334 676 Κράτιππος

216 697 333 768 αὐτόν.
378 723 416 766 το
445 698 465 764 δ
503 694 541 761 ἐν
563 699 677 782 Ιταλιη
702 700 844 780 Τιμαιου
872 688 977 760 αὐτὸν
998 692 1053 758 καὶ
1074 687 1200 770 ἄλλους
1222 693 1334 776 λέγειν

216 809 350 869 κεῖσθαι
373 793 418 885 μὴ
437 797 492 864 καὶ
513 793 647 881 σφόδρα
666 795 913 879 καταγέλαστον
933 785 964 882 ᾖ.
1328 875 1329 882 ¹

301 904 410 968 Loous
427 896 645 986 perdifficilis.
689 897 831 964 Leviora
852 898 1001 966 codicum
1028 895 1149 962 menda
1177 894 1335 960 abstersit

215 1003 404 1072 Bekkerus.
448 998 513 1066 Pro
543 992 789 1083 ἐπιγράμματος
817 998 1088 1064 Westermannus
1111 995 1237 1066 mavult
1261 993 1335 1060 ἐπι-

216 1106 360 1189 γραφῆς.
405 1096 602 1184 Κράτιππος
622 1100 815 1187 proscripsit
835 1099 978 1166 Meierus
1000 1122 1116 1166 comm.
1140 1097 1333 1162 Andoo.VI

220 1209 258 1270 13
280 1228 312 1292 p.
332 1206 374 1269 62
397 1224 559 1289 reponens
573 1196 778 1286 Ἕρμιππος,
801 1201 889 1288 quod
910 1202 1038 1268 Rittero
1059 1201 1193 1287 placuit.
1240 1199 1334 1268 Idem

217 1305 363 1372 Ritterus
385 1303 487 1368 verba
509 1305 608 1367 τοῦτο
630 1301 670 1368 δέ
689 1319 773 1386 φησι
791 1300 955 1386 Ζοίπυρος
982 1303 1130 1385 ἱστορεῖν
1157 1303 1245 1365 male
1271 1324 1335 1388 pa-

217 1405 381 1472 renthesis
400 1406 495 1488 signo
518 1406 784 1491 circumscripsit.
815 1404 993 1469 Muellerus
1013 1427 1091 1470 vero
1110 1404 1152 1468 fr.
1173 1402 1250 1470 hist.
1274 1403 1334 1470 Gr.

219 1507 255 1572 II
273 1531 305 1593 p.
330 1512 369 1572 77
393 1505 495 1570 verba
516 1505 553 1572 ἐν
572 1499 688 1590 Θρᾴκη
710 1505 827 1570 cedere
846 1505 944 1568 iussit
964 1505 1171 1570 coniecturae
1195 1525 1274 1568 suae
1297 1503 1334 1568 ἐν

220 1609 364 1693 Θορικῷ.
408 1606 490 1669 Mihi
517 1606 667 1693 equidem
695 1605 798 1671 verba
824 1603 888 1688 ἐγώ
912 1603 948 1670 δὲ
970 1644 1014 1655 -
1039 1599 1145 1670 αὐτόν
1172 1605 1245 1670 loco
1273 1626 1333 1670 suo

218 1715 307 1772 mota
336 1706 580 1793 transponenda
602 1715 676 1794 post
704 1709 915 1789 προθεσμίαν
941 1711 972 1788 ξ.
997 1711 1037 1772 34
1067 1728 1139 1770 esse
1168 1705 1334 1770 videntur.

219 1810 342 1872 τοῦτον
364 1803 401 1871 ἐν
423 1804 539 1893 Θρηίκη
559 1810 744 1892 graviorem
766 1807 875 1872 labem
902 1831 1000 1893 passa
1028 1807 1169 1876 fortasse
1191 1807 1279 1873 hunc
1301 1809 1334 1870 in

219 1908 350 1972 modum
371 1908 627 1992 redintegranda
649 1917 742 1990 sunt,
776 1916 813 1972 ut
837 1904 958 1992 ὁτοάτη
981 1903 1129 1991 άνθρακι
1151 1908 1333 1976 scribamus

219 2009 252 2075 h.
266 2031 295 2074 e.
316 2006 537 2093 ἑξηκοντούτη
554 2005 713 2096 άνθρακι.
736 2010 851 2097 Neque
866 2012 982 2095 νομιῖη
998 2032 1112 2074 sanum
1130 2031 1202 2073 esse
1217 2017 1336 2095 potest,

220 2118 332 2194 natum
350 2108 432 2174 illud
459 2112 598 2178 fortasse
628 2136 670 2178 ex
691 2133 884 2197 praegresso
906 2110 1067 2178 vocabulo
1090 2113 1223 2192 νομίζοι.
1270 2110 1337 2176 Sed

220 2209 376 2276 hariolari
394 2212 480 2278 nolo.
525 2214 590 2281 Pro
613 2210 810 2298 Κράτιππος
831 2212 943 2276 malim
965 2208 1146 2295 Κράτερος.
1245 2206 1248 2211 ’

759 2403 791 2461 4.

305 2511 369 2576 His
406 2514 513 2580 tribus
553 2516 634 2581 locis
676 2515 888 2582 Marcellinus
930 2516 1076 2601 Didymo
1111 2516 1336 2579 testimonium

221 2610 406 2680 denunciat.
452 2617 627 2682 Praeterea
649 2621 680 2698 ξ.
706 2621 743 2681 14
768 2611 834 2680 άπὸ
860 2613 985 2680 τούτου
1014 2605 1078 2680 οὖν
1102 2664 1109 2682 .
1134 2665 1142 2682 ,
1169 2664 1177 2680 .
1202 2665 1210 2679 .
1232 2612 1336 2682 κατά-

221 2719 345 2796 μεσθαί
364 2733 448 2800 φησι
470 2714 507 2782 τὸ
530 2719 747 2783 Θουκυδίδου
766 2717 863 2798 γένος
886 2718 1031 2784 Βάλλεται
1054 2743 1085 2805 p.
1111 2719 1169 2781 128
1198 2724 1232 2783 Δ
1240 2721 1254 2781 ί
1260 2719 1280 2782 δ
1288 2741 1337 2781 v·

220 2839 297 2898 μος
317 2817 490 2904 supplevit‚
512 2819 652 2886 fortasse
674 2827 770 2901 recte,
791 2840 985 2905 quamquam
1004 2819 1146 2884 Aldinae
1166 2818 1265 2884 lectio
1286 2826 1338 2884 est

220 2927 314 2999 φασί.
360 2917 464 2983 Οοδδ.
483 2922 576 3003 φησί.

760 3025 791 3085 5.

216 3155 217 3160 ’
305 3133 403 3197 Addo
424 3132 486 3198 hoo
508 3134 598 3218 loco,
621 3139 708 3222 quod
733 3138 833 3202 alium
855 3138 1109 3203 commodiorem
1131 3140 1254 3206 frustra
1274 3143 1336 3207 cir-

221 3235 415 3318 cumspicio,
446 3235 584 3321 Didymi
612 3237 831 3320 fragmentum
859 3237 902 3302 ad
922 3238 1082 3305 Miltiadis
1111 3244 1214 3306 vitam
1236 3247 1336 3330 perti-

220 3353 320 3415 nens,
350 3333 438 3419 quod
464 3337 626 3422 reperitur
651 3338 740 3423 apud
765 3339 973 3426 scholiastam
994 3342 1133 3408 Aristid.
1155 3339 1242 3429 ὑπὲρ
1265 3351 1336 3411 τοῖν

220 3454 305 3496 τεττ.
332 3457 365 3520 p.
388 3438 467 3521 515,
493 3441 530 3500 17
559 3442 679 3522 Κίμων
704 3437 897 3507 Μιλτιάδου
918 3440 1038 3525 μέμονε
1059 3453 1153 3521 παῖς·
1177 3483 1219 3494 --
1242 3443 1335 3528 παρὰ

220 3544 309 3617 τρεῖς
340 3531 402 3618 μὲν
435 3535 642 3622 ἐψηφίσαντο
675 3536 817 3627 ψήφους
843 3537 880 3608 τὸ
914 3539 958 3626 μὴ
989 3541 1128 3633 θανάτῳ
1160 3549 1333 3629 ζημιῶσαι.

222 3629 429 3718 πεντήκοντα
459 3637 497 3703 δὲ
525 3639 671 3705 τάλαντα
696 3641 892 3725 ἐπράξαντο.
936 3644 1124 3728 Δίδυμος
1153 3647 1193 3711 δέ
1216 3665 1334 3738 φησιν,

220 3727 355 3817 mixtim
376 3737 588 3825 ἐλακοίυιζεν,
611 3736 685 3807 ἀλλ’
710 3737 763 3808 ὅτι
780 3738 949 3830 Ἐλπινίκη
965 3748 1006 3830 τῇ
1027 3739 1159 3832 ἀδελφῇ
1176 3752 1296 3831 συνῆν.

759 3916 790 3977 6.

288 4022 458 4110 Denique
486 4027 589 4117 vitam
618 4026 822 4116 Thucydidis
850 4053 870 4094 a
896 4054 932 4096 se
957 4025 1174 4118 conscriptam
1194 4033 1335 4100 fortasse

220 4121 292 4206 ipse
312 4122 478 4210 Didymus
499 4129 647 4214 respexit
674 4131 709 4192 in
732 4129 832 4194 schol.
858 4131 955 4198 Pind.
977 4133 1071 4198 Nem.
1095 4134 1130 4198 II
1155 4138 1193 4198 19
1214 4158 1246 4219 p.
1271 4139 1333 4202 438

220 4219 366 4288 Boeckh.
387 4264 431 4276 -
453 4221 505 4291 ὅτι
524 4230 570 4304 εἰς
589 4233 719 4294 Αίαντα
740 4227 884 4316 άνέφερε
905 4234 941 4298 sd
965 4233 1074 4316 γένος,
1094 4227 1139 4312 ὡς
1162 4235 1217 4302 καὶ
1238 4240 1335 4316 Μιλτ
