2894 4890
1175 339 1234 402 261

119 510 151 572 p.
176 490 238 550 465
261 487 293 550 D
315 488 446 554 laudato
469 492 624 582 cogitare.
671 494 738 558 Sub
770 506 922 583 corrupto
947 503 1095 579 Grynious
1125 506 1236 574 nescio

119 609 162 650 an
187 594 378 668 Phrynichus
405 592 514 656 lateat.
559 593 613 656 An
641 594 760 660 Phaini
790 606 822 660 et
845 597 1032 684 Symmachi
1062 602 1236 672 laudantur

120 691 371 764 commentarii?

584 894 792 903 ———

549 1102 608 1175 De
635 1102 807 1204 Didymo

115 1252 349 1336 interprete
370 1253 634 1316 scenicorum
658 1262 871 1339 poetarum
896 1256 1233 1350 scholiorumque

482 1354 710 1440 principali
734 1355 860 1418 fonte.
902 1401 904 1404 -

202 1502 230 1564 E
249 1503 427 1584 veteribus,
449 1505 506 1589 qui
527 1508 562 1567 in
575 1502 766 1590 Sophoclem
788 1511 995 1572 commentati
1018 1518 1101 1590 sunt,
1123 1532 1229 1593 gram·

117 1603 259 1685 maticis,
302 1604 399 1667 unius
433 1606 618 1669 etiamnunc
652 1608 840 1673 memoriam
879 1616 989 1671 servat
1024 1608 1125 1673 schol.
1158 1610 1229 1695 La,

116 1703 337 1788 Praxiphanis
348 1704 370 1788 ¹)
402 1706 445 1768 ad
474 1705 544 1770 00.
574 1709 646 1769 900.
690 1706 776 1770 Aliis
803 1708 888 1771 enim
915 1707 997 1769 loeis
1026 1729 1138 1772 omnes
1163 1734 1229 1777 uno

115 1806 245 1868 nomine
269 1814 557 1871 commentatorum
581 1806 906 1892 comprehenduntur,
926 1813 962 1867 ut
986 1806 1055 1871 00.
1079 1811 1152 1874 388.
1166 1815 1227 1878 390

117 1907 168 1992 (οἱ
187 1899 555 1990 ὓπομνημαοιοάμενοι)
583 1910 654 1990 681,
685 1908 741 1971 ubi
771 1914 917 1968 veterum
943 1911 1228 1989 grammaticorum

115 2007 218 2070 verba
239 2016 315 2070 sunt
337 2030 422 2095 quae
448 2007 601 2093 leguntur
622 2029 724 2096 usque
746 2005 788 2068 ad
810 1997 927 2080 αὐτοῖς
951 2000 1078 2092 ἀνεῖτο,
1101 2010 1228 2100 reliqua

115 2131 218 2194 usque
241 2109 283 2172 ad
302 2108 400 2171 finem
422 2108 577 2194 Didymi,
598 2107 789 2193 quibuscum
812 2105 986 2169 cohaerent
1008 2109 1163 2172 adnotata
1184 2113 1227 2174 ad

114 2233 146 2273 v.
160 2212 232 2273 684.
258 2210 319 2273 Oui
342 2208 413 2272 loco
438 2209 602 2271 simillima
621 2210 694 2268 sunt
716 2200 817 2264 schol.
839 2201 881 2264 ad
896 2202 1030 2267 Pindar.
1057 2206 1171 2273 Isthm.
1197 2215 1225 2275 Β

113 2310 213 2373 inscr.
230 2319 307 2374 etv.
330 2314 368 2372 19
384 2334 415 2397 p.
429 2311 490 2372 526
506 2317 537 2369 et
551 2307 591 2368 ad
603 2303 681 2364 Eur.
695 2300 783 2364 Med.
797 2303 859 2363 212
877 2301 951 2366 coll.
970 2308 1027 2367 171
1053 2305 1132 2392 (vol.
1147 2309 1178 2372 V
1191 2332 1223 2395 p.

115 2412 245 2497 352M.)
259 2414 364 2475 ταῦτα
375 2421 443 2484 τοῖς
454 2399 843 2483 ἀξιοῦσιν-συμπράττει.
860 2403 894 2466 oi
902 2409 989 2485 γοῦν
1003 2426 1224 2492 προυπομνη-

115 2511 335 2597 ματισοὶμενοι
358 2509 547 2593 γράφουσιν
569 2501 633 2567 uri.
678 2505 796 2568 Moneo
818 2505 880 2569 hoc
900 2515 1034 2592 propter
1049 2509 1222 2595 Ritterum,

114 2617 170 2702 qui
194 2615 373 2701 Didymum
392 2604 562 2688 intellegit,
585 2603 641 2668 ubi
664 2604 699 2668 οἱ
717 2598 1073 2689 ὑπομνηματισάμενοι
1095 2609 1130 2672 in
1149 2633 1222 2695 par-

112 2725 163 2780 tes
186 2723 354 2788 vocantur,
383 2725 578 2791 quamquam
600 2711 723 2768 certum
746 2715 796 2769 cst
820 2729 871 2793 ap.
893 2707 973 2771 Hes.
997 2709 1093 2771 etiam
1116 2732 1141 2773 s.
1165 2733 1221 2774 vv.-

114 2811 320 2898 ἐναροφόρος
350 2816 381 2870 et
411 2807 695 2870 κυνδοιλοιιοιῖκτοιι
729 2814 760 2868 et
791 2805 893 2870 schol.
921 2807 1017 2872 Pind.
1048 2809 1102 2874 01.
1130 2835 1150 2888 ς
1181 2815 1221 2874 55

112 2920 203 2982 Vrat.
226 2912 318 2974 Nem.
343 2932 363 2990 γ
387 2912 400 2968 4
427 2906 539 2971 Isthm.
564 2910 585 2989 β
608 2906 706 2968 inser.
731 2927 751 2968 a
769 2905 915 2996 Didymo
937 2909 1045 2973 refelli
1068 2903 1222 2994 ὑπομνη-

113 3008 280 3100 μοιιιστοὶς.
319 3010 429 3072 Etiam
450 3009 485 3070 in
503 3007 604 3072 sohol.
621 3007 907 3072 corrosanum
931 3009 966 3073 οἱ
983 3007 1222 3095 ἐξηγησάμενοι

110 3114 294 3182 laudantur.
325 3115 405 3175 Ι1375
426 3105 658 3188 ἁπαξάπαντες
685 3110 720 3173 οἱ
738 3106 802 3191 πρὸ
826 3103 922 3192 ἡμῶν
952 3113 1049 3196 (1593
1072 3106 1223 3196 ἀμάρτυ-
1264 3181 1265 3184 ,

111 3237 172 3296 ρον
196 3214 259 3300 ds).
305 3213 371 3277 Sed
399 3212 620 3298 Aristophane
652 3212 814 3298 Byzantio
845 3213 897 3275 usi
925 3220 1002 3284 sunt
1026 3213 1222 3280 scholiastae

108 3315 152 3378 ad
171 3314 224 3378 El.
247 3318 307 3378 445
332 3313 587 3400 (ἐμασχαλίσθη)
612 3313 685 3377 coll.
707 3312 801 3377 Phot.
817 3316 1090 3396 μασχαλίομοιτοι;
1110 3315 1152 3379 ad
1167 3316 1221 3379 Ai.

112 3419 172 3480 104
193 3416 265 3480 coll.
290 3415 357 3480 Oro
382 3424 423 3478 et.
446 3437 489 3477 m.
512 3438 544 3500 p.
566 3415 637 3496 625,
658 3415 709 3495 24,
732 3433 929 3500 quamquam
948 3415 1075 3478 dubitat
1093 3414 1222 3479 Nauck.

108 3517 150 3580 de
169 3517 271 3580 Arist.
288 3517 371 3602 Byr.
392 3539 424 3602 p.
442 3517 513 3597 233,
537 3537 643 3600 neque
665 3515 919 3602 Aristophanem
940 3516 1025 3577 inter
1048 3516 1222 3602 scriptores

107 3618 150 3683 ab
172 3619 239 3682 Oro
261 3618 424 3683 adhibitos
448 3625 595 3680 recenset
617 3614 831 3696 Ritschelius3
853 3615 895 3678 ad
915 3615 969 3678 Ai.
994 3617 1055 3678 746
1078 3615 1221 3699 (Nauck.

178 3823 205 3890 *)
224 3825 324 3875 Mirum
343 3829 385 3874 est
403 3823 475 3889 quod
493 3824 522 3873 O.
543 3822 616 3873 Keil.
638 3821 666 3870 in
685 3820 776 3872 annal.
796 3821 885 3872 Marb.
906 3822 972 3872 1852
991 3823 1059 3873 fase.
1079 3822 1096 3889 3
1114 3821 1143 3870 in
1162 3837 1223 3872 een-

108 3929 172 3964 sura
191 3912 403 3976 onomatologici
421 3911 538 3975 Pupieni
555 3910 583 3958 in
600 3909 685 3960 schol.
704 3909 819 3975 Dionys.
839 3909 937 3962 Thrac.
953 3909 1013 3972 729,
1028 3910 1070 3971 23,
1086 3909 1133 3959 ubi
1151 3900 1221 3972 παρ’

103 3990 277 4061 Ἑξιφοίνονς
307 3979 410 4060 editdr,
439 4013 487 4064 pro
517 3996 705 4047 emendatione
735 3996 890 4046 certissima
913 3986 1120 4058 Πραξιφάνους
1148 3993 1221 4059 (cod.

110 4085 205 4136 Ottob.
233 4085 283 4134 147
307 4101 335 4150 p.
355 4085 370 4132 7
390 4084 479 4133 Cram.
505 4083 538 4133 A.
564 4082 633 4132 Oxx.
654 4083 693 4132 IV
710 4083 807 4145 311,5
837 4082 959 4131 Classen.
979 4081 1012 4130 de
1029 4081 1158 4146 primord.
1179 4097 1221 4146 gr.

110 4171 158 4222 Gr.
175 4187 202 4235 p.
222 4169 239 4220 9
263 4170 374 4221 Preller.
395 4171 428 4220 de
445 4169 576 4234 Praxiph.
595 4186 621 4234 p.
639 4167 656 4218 9
674 4172 732 4218 not.
752 4167 771 4232 †
790 4168 881 4220 Elink.
901 4166 990 4216 Sterk.
1007 4167 1093 4232 symb.
1107 4168 1220 4224 littsoc.

104 4255 205 4311 Batav'.
223 4257 290 4312 1335
305 4257 375 4311 fasc.
388 4257 441 4310 VII
454 4273 481 4326 p.
494 4256 607 4325 11-13)
626 4259 776 4324 praeoptat
787 4243 977 4316 Δεξιφάνους,
1094 4271 1098 4280 ⁴
1156 4271 1158 4278 ⁴
