2858 4882
1151 362 1216 426 387

107 513 148 600 [2]
171 513 406 600 Cyrenaeus
426 515 527 580 schol.
549 517 685 583 Hesiod.
704 544 736 607 p.
760 523 797 585 31
823 519 941 603 Gaisf.‚
962 521 1213 592 Metrodorus

104 613 204 697 Diog.
232 613 291 677 La.
316 614 351 678 X
372 639 404 682 n.
431 621 444 678 1
475 616 561 682 Plut.
585 642 651 684 non
676 643 772 706 possa
800 643 891 685 suav.
915 623 985 688 vivi
1007 648 1033 688 s.
1054 625 1111 710 E„
1135 628 1213 693 De-

103 715 273 778 metrius
296 714 521 802 Byzantius
543 719 662 786 Athen.
687 723 757 786 XII
773 744 805 809 p.
827 723 928 786 548ss
950 723 1035 788 XIV
1054 751 1086 814 p.
1100 731 1160 792 633
1183 731 1213 792 Β

102 816 137 880 Χ
159 841 190 903 p.
205 816 312 880 4521)
334 817 434 902 Diog.
458 818 517 884 La.
546 819 577 883 V
605 827 641 904 6,
668 828 699 906 4,
722 823 993 909 Hieronymus
1023 826 1211 912 Rhodius

102 917 225 982 Athen,
248 917 332 982 xiv
354 943 386 1006 p.
412 920 513 985 cass
532 921 682 986 11111111.
705 923 727 987 l.
750 922 771 986 1.
795 923 832 985 11
852 945 885 1010 p.
908 930 970 990 πο
1002 951 1053 1012 1.,
1085 930 1212 1016 ina>-¹

102 1019 225 1084 dorus
257 1018 357 1106 Diog.
385 1020 425 1084 L.
457 1020 493 1083 II
523 1026 599 1105 103,
630 1024 867 1088 Demetrius
894 1026 1060 1111 Magnes
1089 1031 1210 1098 Athen.

101 1118 190 1182 XIII
203 1144 235 1207 p.
251 1120 351 1186 611ss
376 1121 536 1208 Harpocr.
564 1124 637 1203 102,
666 1125 702 1185 18
725 1123 851 1207 Bekk„
885 1127 927 1189 ef.
950 1127 1079 1196 Moller.
1101 1133 1210 1197 homo-

101 1243 289 1308 nymoscop.
317 1245 349 1308 p.
374 1226 432 1286 901
465 1222 554 1288 Ions.
579 1223 674 1286 SHP.
699 1225 714 1286 I
737 1248 769 1311 p.
795 1229 831 1288 13
861 1227 1003 1294 Olinton.
1034 1232 1108 1297 fast.
1132 1234 1208 1299 hell.

101 1321 155 1384 III
175 1345 207 1407 p.
234 1324 304 1388 189.
331 1327 399 1386 199.
423 1326 484 1386 544
513 1323 627 1388 Meier.
657 1345 771 1389 comm.
800 1326 927 1392 Andos.
951 1329 999 1393 IV
1025 1353 1058 1416 p.
1089 1351 1137 1396 lx.
1162 1335 1210 1397 VI

99 1446 133 1509 p.
151 1424 200 1505 68,
229 1423 257 1486 L
266 1424 437 1511 ysanias
462 1424 705 1510 Cyrenaeus
729 1428 818 1514 (περὶ
841 1429 1063 1518 ἰαμβοποιῶν)
1087 1433 1208 1500 Athen.

100 1523 166 1586 VII
188 1547 219 1610 p.
234 1524 335 1588 304Β
356 1524 440 1588 XIV
454 1550 485 1612 p.
510 1527 571 1588 620
597 1524 634 1607 0,
656 1526 864 1612 Euphorio
893 1529 983 1617 (περὶ
1003 1537 1207 1622 μελοποιῶν)

100 1624 244 1688 Meinek.
268 1625 523 1690 οοα11.,Α1611Χ.
556 1649 588 1712 p.
613 1629 652 1690 29
674 1651 707 1714 p.
726 1628 1026 1698 Demosthenes
1060 1633 1208 1720 Thrax,

100 1726 155 1810 qui
181 1725 383 1811 Demagetae
415 1727 629 1792 Heracleotae
656 1729 697 1792 de
725 1729 972 1816 dithyrambicis
1001 1737 1105 1819 poetis
1129 1759 1209 1823 opus

100 1828 134 1888 in
147 1825 279 1892 brevius
292 1830 466 1910 contraxit,
479 1828 569 1892 Suid.
582 1828 742 1893 Valcken.
756 1854 866 1917 opusc.
881 1833 915 1894 II
928 1857 959 1920 p.
968 1837 1030 1898 216
1042 1835 1209 1904 Muetzell.
1238 1818 1250 1830 '¹

99 1927 373 2011 Theog.Hesiod.
396 1955 428 2017 p.
451 1932 521 2012 290,
542 1930 820 1996 Aristoxenus
843 1933 1090 2013 Tarentinus
1119 1939 1209 2023 (περὶΙ

99 2023 264 2114 αὐλητῶν,
277 2030 536 2116 Pyrrhander
549 2030 637 2118 (περὶ
647 2025 817 2114 αὐλητῶν)
827 2034 947 2098 Athen.
957 2035 1041 2098 XIV
1050 2058 1082 2121 p.
1093 2039 1152 2100 634
1163 2037 1206 2120 D.

99 2131 161 2195 His
190 2133 291 2216 igitur
308 2131 445 2196 accedit
471 2131 670 2218 Didymus
696 2132 738 2196 ab
768 2135 808 2196 E.
834 2136 986 2221 Koepkio
1015 2137 1107 2199 iuxta
1135 2160 1208 2202 curn

98 2232 171 2296 aliis
194 2234 343 2316 omissus,
365 2234 456 2296 cuius
476 2240 555 2319 quot
572 2233 772 2316 investigare
793 2233 886 2299 licuit
901 2236 1085 2322 fragmenta
1100 2241 1208 2322 operis

98 2332 174 2416 περὶ
195 2338 345 2417 λυρικῶν
367 2337 517 2418 ποιητῶν
537 2333 619 2396 haec
641 2342 732 2396 sunt:

639 2524 666 2584 l.

181 2637 260 2702 Orio
276 2661 308 2724 p.
331 2640 387 2720 58,
407 2643 510 2701 7-15
539 2640 680 2721 ἔλεμος
700 2630 718 2702 ὁ
738 2639 867 2719 θρῆνος
891 2632 947 2702 διὰ
969 2633 1005 2703 τὸ
1031 2636 1074 2704 δι’
1100 2635 1206 2707 αὐτοῦ

96 2743 159 2802 τοῦ
190 2735 325 2822 θρήνου
355 2728 395 2802 εὖ
431 2739 541 2822 λέγειν
573 2739 653 2815 τοὺς
687 2738 946 2821 κατοιχομένους
979 2742 1040 2828 (sic
1072 2741 1203 2806 Ruhnk.

98 2839 227 2904 Gallim.
239 2863 272 2926 p.
286 2843 347 2904 239
359 2839 451 2923 Em,
474 2841 564 2925 vulg.
577 2865 639 2924 χου
659 2840 712 2905 vel
735 2841 843 2925 ηχον).
866 2834 1008 2924 εὑρετὴν
1030 2843 1133 2929 (vulg.
1154 2839 1205 2926 τὴ,

96 2951 139 3005 et.
164 2941 249 3006 Gud.
273 2941 353 3028 τεῑς)
380 2941 415 3006 δὲ
444 2946 506 3006 τοῦ
532 2941 681 3027 ἐλεγείου
706 2941 808 3028 (Gud.
837 2945 895 3024 τῆς
916 2941 1073 3030 ἐλεγείας)
1101 2943 1206 3028 φασὶν

100 3042 146 3128 (11.
167 3065 199 3106 v.
223 3042 299 3106 add.
322 3038 914 3128 11111011υ1.)οίμὲντδνἈρχίλοχον
936 3043 971 3108 οί
990 3040 1027 3109 δὲ
1049 3037 1206 3128 Μίμνερ-Ι

96 3168 162 3227 μον
184 3145 218 3208 οί
237 3143 273 3210 δὲ
291 3150 462 3210 Καλλῖνον
485 3145 502 3183 *
524 3137 788 3232 παλαιότερονί).
812 3140 897 3210 ὅθεν
920 3146 1022 3232 (oud.
1044 3147 1120 3211 add.
1140 3137 1205 3232 καί,

97 3247 183 3332 quod
204 3247 353 3311 fortassis
377 3246 562 3310 addendum
592 3271 664 3312 esse
690 3247 873 3333 suspicetur
894 3247 1030 3334 aliquis,
1058 3248 1205 3312 invento-

96 3369 168 3410 rum
195 3349 360 3411 mentione
385 3348 420 3410 in
451 3347 549 3412 finem
576 3348 692 3433 capitis
721 3347 867 3434 detrusa)
902 3344 1129 3431 πεντάμετρον
1159 3351 1206 3434 τῷ

95 3441 229 3535 ἡρωϊκῷ
254 3447 355 3535 (aud.
378 3447 414 3514 τὸ
436 3443 493 3533 ἡρ)
523 3451 697 3530 συνῆπτον
705 3498 714 3531 ,
739 3442 799 3532 οὐχ
822 3441 1079 3531 ὁμοδραμοῦντα
1102 3447 1203 3534 (aud.

95 3542 297 3636 ὁμοδρόμος)
331 3553 370 3636 τῇ
401 3553 462 3614 τοῦ
494 3550 661 3632 προτέρου
680 3545 832 3631 δυνάμει,
864 3542 939 3612 ἀλλ’
974 3538 1048 3611 οἷον
1081 3563 1205 3610 συνεκ-

95 3650 239 3716 πνέοντα
267 3649 322 3716 καὶ
349 3656 424 3736 (om.
446 3652 548 3736 (tud.)
578 3643 854 3736 ουσβεννύμενον
885 3648 1085 3735 (συναποσβ.
1116 3649 1202 3712 oud.

94 3753 212 3817 Larch.
235 3753 320 3840 reg.)
344 3765 415 3830 ταῖς
436 3757 498 3818 τοῦ
519 3752 779 3834 τελευτήσαντος
797 3748 911 3834 τύχαις
935 3751 1012 3838 (om.
1033 3748 1148 3835 Gne),
1173 3751 1208 3812 οί

95 3851 131 3918 δὲ
156 3847 301 3936 ὕστερον
335 3848 419 3933 πρὸς
444 3848 593 3930 ἅπαντας
625 3849 803 3936 διαφόρως.
830 3845 1037 3936 (ἀδιαφόρως
1070 3847 1203 3929 Ruhnk.

93 3953 240 4040 Larch.).
284 3949 392 4018 οὕτω
411 3957 598 4037 Δίδυμος
621 3955 662 4018 ἐν
683 3958 735 4041 τῶ
757 3948 850 4030 περὶ
871 3953 1062 4032 ποιητῶν.
1109 3948 1202 4012 Viam

94 4057 274 4120 novissima
307 4055 409 4120 verba
443 4056 638 4122 emendandi
670 4055 774 4118 munit
808 4051 917 4115 Procli
946 4051 1118 4114 chrestum.
1150 4069 1203 4133 ap.

168 4260 193 4326 l)
212 4261 341 4325 Suspicor
356 4261 488 4312 excidisse
505 4251 553 4310 aa
567 4257 624 4310 τῶν
636 4255 651 4318 ζ
665 4255 763 4322 σοφῶν
780 4245 800 4322 ἢ
816 4249 873 4304 καλ.

926 4336 994 4396 25*
1118 4317 1119 4322 '
