2894 4890
596 359 797 420 -Ω-
914 419 915 422 .
1197 373 1256 436 179

231 525 303 587 636.
336 520 610 606 παυσώμεθα·
635 518 743 600 οὕτως
763 519 974 610 Ἀρίσταρχος
995 525 1068 595 ἀντὶ
1091 537 1153 596 τοῦ
1173 529 1254 598 άνα-

142 624 364 708 παυσώμεθα.
394 618 545 709 άπρεπδς
561 619 626 708 γάρ
649 621 686 690 τό
705 625 816 709 λέγειν
838 627 900 693 τόν
921 633 1076 715 Πρίαμον
1094 633 1256 719 ταρπιό-

140 734 256 810 μεθα.
280 727 322 790 Α.
348 725 407 812 (cf.
430 726 519 813 AV.)
863 717 868 727 ⁸

228 831 300 894 648.
322 821 432 904 οὕτως
450 822 660 912 Ἀρίσταρχος
683 824 889 913 στόρεσαν
911 831 1044 910 δυίκιδς.
1069 835 1108 899 Β.

223 934 296 996 663.
315 925 526 1015 Ἀρίσταρχος
548 927 655 1018 μάλα
678 928 828 1015 γάρκαὶ
847 927 889 998 ού
910 928 1019 1017 μάλα
1039 935 1091 1000 δέ.
1114 937 1156 1001 Α.
1179 936 1256 1024 [Δί-

103 1103 104 1106 ,
140 1035 247 1116 δυμος
268 1026 375 1116 μάλα
396 1030 492 1116 γάρ,
513 1028 554 1097 οό
574 1034 621 1098 δέ.
643 1033 697 1122 V.]

226 1139 296 1198 761.
333 1129 510 1200 ἑσταότ’·
540 1129 751 1217 Ἀρίσταρχος
774 1130 919 1199 ἑστεῶτ’.
945 1138 987 1201 Α.
1035 1137 1148 1225 [διχῶς
1169 1135 1206 1200 δὲ
1235 1132 1253 1203 ό

140 1233 280 1318 ποιητής
302 1253 395 1319 φησι.
420 1237 473 1326 V.]

226 1339 297 1400 725.
322 1337 510 1420 Ζηνόδοτος
530 1339 631 1403 νέον
653 1332 769 1403 όόλεο.
793 1339 835 1401 Α.

227 1443 310 1520 [753.
333 1433 522 1522 Ἀντίμαχος
543 1437 870 1522 μιχθαλόεσσαν.
895 1440 948 1524 V.]

681 1630 719 1710 2.

305 1775 632 1864 Hypomnemala
653 1780 693 1842 in
715 1778 879 1844 Homeri
903 1778 1084 1843 Iliadem.

680 1936 693 1994 1

225 2047 333 2112 Sohol.
359 2048 456 2114 Hom.
485 2047 526 2114 Il.
554 2053 586 2112 A
610 2053 671 2114 399
700 2045 786 2126 Ζεὺς
813 2044 1019 2136 παραλαβών
1045 2044 1106 2130 τὴν
1128 2048 1165 2112 ἐν
1187 2046 1250 2114 οὐ·

139 2152 231 2237 ρανῷ
258 2151 425 2232 διοίκησιν
452 2153 619 2233 περισσῶς
644 2155 684 2235 τῇ
715 2152 881 2238 παρρησίᾳ
904 2150 1020 2234 ἐχρῆτο
1050 2144 1156 2213 πολλά
1185 2145 1249 2214 αύ-

138 2247 229 2333 θάδη
252 2243 551 2335 διαπράσσόμενος.
574 2253 753 2318 Ποσειδῶν
775 2247 812 2316 δὲ
831 2249 886 2316 καὶ
899 2245 986 2335 Ἥρα
1006 2247 1060 2314 καὶ
1078 2243 1249 2315 Ἀπόλλων

139 2348 324 2436 έβοόλοντο
353 2345 459 2418 αὐτόν
482 2351 644 2436 δήσαντες
667 2347 840 2430 ὑποτάξαι.
886 2351 982 2429 Θέτις
1011 2345 1047 2416 δὲ
1076 2343 1261 2420 άκοόσασα.

139 2447 228 2536 παρά
254 2451 462 2538 τοῦπατρὸς
489 2457 630 2539 Νηρέως
654 2446 711 2541 (ἦν
736 2451 800 2540 γάρ
823 2449 954 2539 μάντις)
981 2448 1042 2535 την
1064 2447 1149 2529 Διὸς
1176 2453 1249 2518 ἐπι-

138 2549 268 2638 βουλὴν
285 2557 428 2620 ἔσπευσε
449 2551 534 2640 πρός
553 2549 660 2622 αὐτόν
680 2553 868 2640 ἐπαγομένη
883 2557 1057 2638 Αίμαιοῐνα
1074 2551 1247 2640 φόβητρον

138 2659 206 2720 τῶν
229 2655 545 2740 ἐπιβουλευομένων
563 2661 667 2722 θεῶν.
705 2647 748 2741 ἦν
770 2654 807 2722 δὲ
828 2653 1013 2732 θαλάσσιος
1035 2656 1164 2737 δαίμων
1186 2645 1247 2720 οὗ·

137 2781 194 2833 τος
215 2757 271 2822 καὶ
292 2754 353 2822 τὸν
373 2755 498 2840 πατέρα
519 2760 719 2824 Ποσειδῶνα
738 2755 996 2842 κατεβράβευεν.
1039 2749 1188 2833 άκοόσας
1208 2756 1245 2821 δὲ

138 2853 263 2936 όΖεός
283 2859 420 2936 Θέτιδος
441 2856 503 2943 την
525 2856 707 2944 μένἭραν
730 2859 767 2924 ἐν
790 2871 858 2936 τοῖς
881 2853 962 2926 καθ’
985 2851 1093 2924 αὑτοῦ
1113 2858 1248 2940 δεσμοῖς

139 2958 317 3043 ἐκρέμασε,
347 2962 538 3026 Ποσειδῶνι
569 2957 605 3026 δὲ
632 2960 687 3026 καὶ
712 2953 896 3024 Ἀπόλλωνι
921 2955 984 3042 την
1007 2951 1096 3040 παρά
1114 2959 1246 3043 Λαομέ-

138 3063 232 3125 δοντι
254 3064 396 3153 θητείαν
418 3060 613 3145 ἐψηφίσατο.
659 3065 699 3147 τῇ
727 3059 764 3125 δὲ
790 3059 902 3128 Θέτιδι
923 3054 985 3143 την
1004 3053 1175 3140 Ἀχιλλέως
1196 3083 1246 3130 τι-

137 3157 205 3244 μην
228 3163 274 3238 είς
292 3157 333 3226 τά
354 3156 435 3245 μετά
457 3166 562 3227 ταῦτα
584 3157 811 3246 ἐταμιεύσατο.
842 3161 968 3242 ίστορεί
984 3161 1146 3243 Δίδυμος.
1168 3161 1244 3225 ΑΙ).

675 3360 694 3420 2

149 3529 151 3536 .
223 3472 344 3560 (Schol.
370 3473 468 3536 Hom.
491 3473 532 3536 ll.
553 3479 582 3538 B
603 3475 691 3560 519.)
722 3473 832 3559 steph.
857 3473 938 3557 Byz.
964 3475 1032 3551 106,
1057 3472 1075 3532 8
1098 3468 1242 3534 Meinek.

133 3569 407 3638 Ἀπολλωνία·
432 3576 600 3658 Φωκίδος,
621 3568 665 3656 ἣν
678 3569 824 3657 ’Όμηρος
841 3566 1062 3651 Κυπάρισσόν
1085 3587 1168 3653 φησι
1189 3565 1245 3634 διά

70 3729 75 3733 .
136 3668 172 3735 τό
204 3668 328 3750 πολλάς
355 3674 443 3756 ἒχειν
471 3678 715 3757 κυπαρίσσους,
745 3666 790 3750 ὡς
818 3673 1017 3754 Δίδυμος.
1069 3670 1120 3734 Of.
1150 3670 1242 3734 Serv.

136 3772 178 3836 ad
200 3773 327 3858 Vergil.
350 3775 434 3839 Aen.
456 3775 510 3838 ΙΙΙ
533 3779 572 3838 64
594 3775 660 3840 vol.
681 3774 698 3836 Ι
718 3796 750 3860 p.
773 3775 831 3836 187
854 3771 949 3836 Lion.

413 3969 425 3998 π
677 3935 707 3995 3.

222 4050 333 4136 Steph.
356 4052 438 4137 Byz.
462 4054 541 4133 250,
563 4053 602 4114 23
622 4047 728 4112 West.
751 4042 944 4130 Σήσαμον
966 4027 1181 4124 -ᾸΛίδυμος
1205 4038 1241 4104 δὲ
1266 4123 1267 4126 ¹

135 4154 242 4234 νῆσον
263 4146 371 4234 αὐτήν
392 4145 507 4236 φησιν.
549 4151 681 4237 Spectat
703 4149 746 4213 ad
770 4148 868 4212 Hom.
884 4147 931 4240 ll.
954 4151 981 4208 Β
1004 4147 1076 4206 853.
1102 4143 1154 4206 Of.
1176 4141 1240 4204 Eu·

135 4251 232 4316 elath.
252 4253 324 4334 362,
345 4253 364 4316 8
382 4251 492 4337 Apoll.
512 4251 717 4334 Rhod.A1-g·.
741 4249 778 4312 Il
798 4251 871 4312 942.
972 4343 1034 4403 12*
