2752 4890
119 349 120 352 ‘
182 372 241 432 ιιι

181 540 314 603 ταῦτα
332 532 561 620 λεγόμεδα.
607 541 855 622 Καλλίστρατος
872 537 909 606 δέ
932 539 970 606 ἐν
994 545 1041 631 τῷ
1061 566 1083 606 α
1101 542 1178 624 περὶ
1201 537 1299 608 Ἰλιά-

183 643 242 717 δος
273 631 381 718 οὕτως
413 638 631 724 προφέρεται·
666 642 810 725 μηκέτι
842 639 890 728 δὴ
921 648 1003 709 νῦν
1031 635 1135 710 αὖθι
1163 644 1299 728 λεγό-

183 749 303 827 μεδα.
348 741 404 808 καὶ
434 743 526 807 ἐστιν
553 734 726 827 εὐφραδής
752 747 899 829 μᾶλλον,
932 741 1008 814 ἀλλ’
1038 741 1102 812 οὐκ
1121 741 1299 833 Ἀριστάρ-

182 847 311 936 χ(ει)ος.
359 838 510 910 Ταῦτα
494 866 512 908 ο
536 845 699 929 Δίδυμος.
717 848 759 914 A.
805 849 881 914 vid.
906 849 1079 937 Pluygers.
1102 872 1134 936 p.
1159 853 1210 914 11.

266 950 299 1014 Γ
318 951 356 1012 10
388 944 458 1013 Διὰ
484 949 548 1011 τοῦ
570 969 585 1012 ε
608 947 645 1012 αλ
661 941 942 1033 Ἀρισιόρχοντό
973 941 1145 1018 εὖτεκαλ
1164 947 1204 1017 τὸ
1228 949 1299 1018 ἑτέ-

183 1055 275 1136 ρωθί
293 1072 361 1115 που
383 1046 568 1133 λεγόμενον
590 1053 656 1139 (τῷ
676 1045 710 1115 δ’
735 1041 811 1116 εὖτε
833 1048 937 1136 πτερά
960 1055 1107 1136 γίνεται’
1137 1057 1187 1142 (Τ
1207 1056 1296 1137 386),

181 1149 257 1220 άντλ
276 1155 355 1218 τοῦ·
380 1145 426 1229 ὡς
447 1146 552 1236 πτερὰ
573 1150 700 1236 ἐγίνετο
719 1151 849 1237 ἐλαφρά
871 1150 911 1219 τὰ
933 1158 996 1219 τοῦ
1007 1148 1196 1240 Ἡφαίστου
1211 1151 1299 1221 ὅπλα

185 1259 231 1345 τῷ
250 1250 401 1339 Ἀχιλλεῖ.
438 1253 476 1319 ἐν
496 1254 600 1332 ἐνίαις
629 1255 665 1320 δὲ
687 1257 755 1319 τοῖν
779 1252 949 1322 ἐκδόσεων
976 1260 1016 1344 τῇ
1038 1280 1073 1322 τε
1095 1260 1160 1342 Χία
1181 1256 1236 1322 καί
1259 1261 1299 1343 τῇ

183 1360 448 1444 Μασσαλιωτικῇ
468 1363 524 1422 καί
536 1377 625 1422 τισιν
637 1351 752 1435 άλλαις
769 1356 806 1422 ἐκ
824 1353 974 1440 πλήρους
990 1357 1174 1443 ἐγέγραπτο
1198 1347 1299 1443 ἠὖτε

183 1454 284 1545 όρευς
304 1462 495 1546 κορυφῇσι’
518 1445 608 1544 παρά
629 1455 666 1524 τό
688 1453 809 1536 εἰωθός
826 1453 969 1547 Ὁμήρῳ.
1003 1457 1039 1524 ἐκ
1060 1456 1213 1544 πλήρους
1234 1455 1299 1544 γάρ

183 1555 265 1646 παρ’
285 1559 406 1628 ἕκαστα
428 1557 574 1644 γράφειν
592 1555 726 1645 ὄρεος.
772 1561 849 1628 Είσλ
867 1557 904 1626 δέ
922 1564 956 1625 οἳ
977 1562 1031 1626 καί
1054 1559 1175 1645 ἑτέρως
1190 1555 1299 1626 άκοό·

184 1678 261 1728 ονσι
290 1658 327 1727 τό
350 1651 443 1728 εὖτε
464 1656 540 1727 άντὶ
560 1665 623 1727 τοῦ
643 1655 728 1746 ὅτε,
752 1659 907 1743 καθάπερ
930 1661 985 1728 καὶ
1006 1662 1043 1728 έν
1065 1659 1180 1741 ἄλλοις
1204 1653 1300 1729 εεὖτε

183 1760 249 1849 γάρ
267 1758 378 1848 ἠέλιος
395 1763 555 1848 φαέθων
579 1765 766 1852 (11.Λ735)
794 1763 849 1830 καλ
874 1754 965 1830 (εὖτ’
992 1759 1098 1850 άστέχρ
1115 1761 1297 1850 ὑπερέσχε’

185 1867 263 1954 (Od.
296 1890 319 1931 v
351 1867 418 1952 93).
475 1863 696 1951 Λαμβάνονσι
728 1863 766 1932 δὲ
797 1859 865 1932 ὑπὸ
899 1870 979 1952 μίαν
1012 1863 1228 1953 περιγραφὴν
1261 1863 1298 1933 τό

186 1965 278 2035 ὅλον.
314 1959 407 2034 *εὖτ’
430 1963 528 2054 ὄρεος
551 1971 721 2056 κορυφῇσι
742 1966 841 2046 νότος
859 1971 1037 2054 κατέχευεν
1059 1966 1200 2054 ὁμίχλην
1224 1994 1300 2036 ποι-

184 2073 282 2158 μέσιν
304 2065 384 2138 οὔτε
399 2075 519 2160 φίλην,
538 2072 662 2158 κλέπτῃ
686 2071 725 2136 δέ
743 2094 778 2136 τε
802 2067 923 2149 νυκτός
945 2066 1083 2156 άμείνω,
1102 2069 1229 2138 τόσσον
1251 2078 1299 2151 τίς

185 2170 218 2241 τ’
243 2172 450 2260 ἐπιλεύσσει,
481 2168 565 2240 ὅσον
592 2172 645 2240 ἐπὶ
666 2177 753 2240 λᾶαν
779 2175 898 2258 ἵησιν.’
944 2168 1045 2241 ὁπότε
1067 2167 1086 2239 6
1106 2170 1208 2254 νότος
1229 2187 1299 2254 ταῖς

185 2281 247 2343 τοῦ
272 2274 374 2362 ὅρους
401 2281 568 2362 κορυφαῖς
596 2276 764 2360 κατέχεεν
780 2269 920 2359 ὁμίχλην
955 2287 1023 2354 τοῖς
1056 2272 1119 2360 μὲν
1143 2279 1299 2362 ποιμέσιν

186 2373 229 2444 06
253 2381 425 2464 Ιπροσφιλῆ
446 2382 492 2466 τῷ
513 2376 549 2444 δέ
569 2378 693 2464 κλέπτῃ
716 2371 841 2454 νυκτός
860 2380 1052 2461 κρείσσονα,
1072 2375 1147 2444 τότε
1168 2377 1224 2444 ἐπὶ
1242 2403 1298 2444 το-

185 2485 311 2547 σοῦτον
339 2478 483 2546 δύναταί
502 2504 551 2557 τις
572 2481 725 2565 βλέπειν,
754 2474 839 2544 ὅσον
865 2479 934 2544 ἐστί
961 2483 1064 2546 λίθον
1088 2485 1192 2566 βολῆς
1223 2481 1298 2548 διά-

187 2603 305 2670 στημα.
341 2578 501 2667 Ἄμεινον
523 2580 560 2648 δὲ
585 2578 622 2648 τό
645 2580 824 2668 πρότερον.
870 2585 926 2669 Τῷ
951 2576 1014 2666 γάρ
1038 2577 1175 2666 ὥσπερ
1196 2580 1299 2650 ἄντα-

187 2689 360 2755 ποδίδοται
390 2683 445 2751 τό·
486 2679 536 2763 ὡς
566 2679 643 2776 άρα
676 2707 756 2750 των
789 2678 869 2750 ὑπό
905 2683 1027 2750 ποσσί
1064 2689 1298 2766 κονίσαλος.

91 2795 93 2800 ’
191 2783 341 2856 Tavwc‘
327 2814 345 2856 ο
368 2791 529 2872 Δίδυμος.
552 2791 593 2853 A.

271 2897 348 2959 271
369 2887 581 2977 Ἀρίσταρχος
595 2891 854 2973 τεθνηωτας,
874 2882 945 2954 οδε
955 2883 1160 2976 Ζηνοδοτος
1187 2847 1300 2977 Τρό-

188 3017 244 3060 ων
266 2987 471 3112 άμπέδιον
493 2989 733 3076 συλήσομεν
755 2993 873 3056 ἔντεα
892 2997 1062 3074 νεκρῶν.
1096 2986 1299 3078 Ἀδηνοκλέ-

157 3107 161 3112 ’
188 3119 250 3174 ους
276 3097 314 3163 δὲ
340 3093 378 3160 έν
404 3117 451 3183 τφ
480 3095 554 3175 περὶ
570 3088 718 3178 Ὁμήρου
751 3090 1062 3178 παρατηρήσαντος,
1091 3089 1142 3160 ότι
1168 3103 1216 3184 τῷ
1239 3098 1299 3182 μεν

134 3189 143 3204 ’
189 3196 324 3287 καμάτῳ
343 3194 399 3262 καὶ
420 3191 542 3263 ἑαυτὸν
566 3190 583 3261 6
606 3195 745 3281 Νέστωρ
769 3191 971 3281 ὑποβάλλει,
997 3196 1105 3280 λέγων
1124 3203 1300 3263 κτείνω-

188 3323 278 3385 μεν,
308 3295 345 3364 τό
373 3297 409 3363 δέ
437 3298 557 3382 κέρδος
584 3299 673 3362 ίδιον
700 3307 841 3363 ποιείται
872 3301 940 3364 τῶν
964 3297 1176 3384 στρατιωτῶν
1197 3299 1300 3388 ἐντῷ

189 3400 414 3486 συλήσετε,
448 3395 465 3468 6
490 3405 608 3484 Χαῖρις
625 3394 807 3484 Ὁμηρικόν
827 3393 914 3465 είναί
934 3414 1016 3484 φησι
1039 3397 1100 3466 τόν
1118 3404 1177 3483 τῆς
1201 3399 1301 3486 ἑρμη-

94 3563 96 3568 .
191 3507 281 3582 νείας
311 3506 519 3588 χαρακτῆρα,
550 3496 595 3579 ὥς
627 3503 664 3567 ἐν
694 3500 827 3580 τούτοις
856 3497 969 3568 εάλλοι
1000 3501 1062 3588 μέν
1083 3541 1126 3554 —-
1144 3501 1299 3580 ἕκαστος’

190 3612 235 3696 (Ε
247 3607 340 3692 878)
363 3608 431 3672 ἐδει
452 3603 516 3690 γάρ
539 3604 731 3690 δέδμρνται,
754 3600 799 3683 ὡς
817 3608 993 3670 πείθονται
1008 3597 1029 3688 ἢ
1046 3599 1226 3670 ἀνάπαλιν.
1249 3603 1302 3671 καί

190 3706 294 3775 πάλιν
318 3702 414 3774 *ἀλλ’
437 3699 536 3791 ἄγεθ’
559 3747 603 3758 -
622 3705 763 3785 πάντες’
788 3711 830 3795 (Β
845 3707 917 3792 139)
940 3711 1026 3771 ενῦν
1047 3706 1109 3791 μὲν
1133 3745 1176 3758 —-
1201 3724 1302 3791 στρα-

104 3881 105 3884 ,
190 3807 268 3876 τόν’
297 3812 346 3898 (Σ
366 3811 441 3895 298)
470 3808 524 3874 καὶ
547 3803 710 3894 άλλαχοῦ·
758 3802 896 3874 οὐδὲ
858 3832 922 3893 γαρ
944 3803 1054 3886 άλλως
1074 3803 1212 3892 ἀκμάζει
1236 3809 1303 3873 Νέ-

192 3930 292 3997 στωρ,
314 3905 389 3978 ἀλλ’
410 3904 476 3977 ὑπό
501 3908 613 3996 γήρως
632 3913 744 3977 ἐοικεν
764 3904 1005 3995 ἀπειρηκέναι.
1003 3904 1171 3975 Ταυτα
1155 3934 1174 3974 ο
1196 3913 1304 3977 Δίδυ-

190 4037 260 4099 μος.
306 4016 347 4080 Α.

169 4105 171 4110 ’
277 4119 314 4181 H
335 4119 394 4181 135
417 4111 488 4181 Φεὰ
511 4114 548 4181 δὲ
567 4111 662 4193 πόλις
684 4117 742 4197 τῆς
756 4111 905 4197 Ἤλιδος,
928 4137 958 4178 οι
952 4097 1018 4178 ’δέ
1040 4115 1098 4197 τῆς
1118 4105 1303 4196 Ἀρκαδίας,

192 4212 274 4303 παρ’
298 4211 381 4303 ἣνό
403 4211 573 4303 Ἰάρδανος
593 4218 653 4305 (λεί.
695 4212 778 4283 άλλά
801 4209 892 4282 καὶ
875 4241 896 4300 η
918 4211 1004 4281 Φειά
1026 4210 1301 4296 παραθαλάσσιός

193 4321 262 4386 ἐστι
283 4321 337 4386 καί
349 4313 521 4407 Ἰάρδανος
543 4315 605 4403 οὐχ
613 4311 742 4404 ὁρᾶται
766 4315 912 4402 ποταμός
926 4311 1059 4384 αότόδι.
1080 4312 1222 4400 ἄμεινον
1239 4305 1302 4380 οόν
