2858 4882
1159 387 1221 450 377

114 550 294 637 quisitioris
318 548 493 614 luminibus
517 550 741 634 splendentem
770 551 810 614 de
832 549 1039 636 mulieribus,
1070 576 1153 640 quae
1175 556 1222 618 in-

115 651 200 735 signi
229 650 370 737 quadam
397 660 429 715 et
458 651 583 737 ingenii
611 661 643 716 et
664 675 789 717 morum
810 651 947 734 virtute,
972 655 1145 739 pudicitia,
1174 657 1222 719 in·

114 774 227 840 quam,
269 751 470 818 ¹fortitudine
520 755 703 818 constantia
753 755 929 819 liberorum
983 757 1222 844 coniugumque

113 876 222 921 amore
256 862 380 918 ceteras
415 856 665 941 praestitissent.
725 856 920 920 Huiusmodi
948 857 1140 922 selectorum
1167 863 1223 924 ex-

114 956 293 1042 emplorum
316 955 530 1040 collectanea,
556 958 673 1044 quibus
695 980 723 1022 e.
747 981 779 1042 g.
802 957 957 1044 Hyginus
985 958 1051 1022 fab.
1076 959 1222 1034 CCXXI

113 1055 315 1124 -OOLVII
344 1079 414 1144 sqq.
450 1057 590 1122 refertus
619 1067 684 1141 est„
714 1060 873 1145 imprimis
903 1060 977 1124 aevi
1003 1059 1223 1125 Alexandrini

115 1168 148 1222 et
162 1158 324 1244 Augustei
346 1159 564 1247 polyhistores
584 1159 619 1223 in
640 1160 766 1226 deliciis
788 1160 979 1243 habuerunt,
1003 1183 1042 1225 ae
1062 1183 1121 1247 pro
1143 1171 1224 1226 tem·

113 1283 229 1348 porum
252 1262 390 1326 istorum
416 1261 521 1327 libros
544 1264 760 1349 componendi
785 1263 954 1330 fertilitate
975 1271 1025 1328 sat
1045 1262 1148 1328 multa
1168 1286 1224 1350 pe·

112 1372 275 1451 pararunt.

201 1470 441 1531 Commentarius.
488 1467 519 1552 1)
538 1459 589 1530 ‘de
616 1467 724 1532 Dione
752 1467 946 1554 philosopho
977 1477 1009 1532 et
1035 1469 1106 1554 ipso
1133 1473 1222 1550 ’συμ-

116 1571 287 1634 ποσιακῶν
305 1577 436 1633 auctore
456 1569 529 1632 dixi
551 1593 582 1656 p.
598 1572 670 1634 368.
700 1570 735 1656 2)
758 1569 956 1638 Philoteram
978 1570 1133 1655 intellego
1148 1570 1223 1639 Pto-

116 1670 232 1734 lemaei
266 1670 302 1733 II
332 1668 541 1756 Philadelphi
572 1692 729 1753 sororem,
774 1672 880 1758 quade
923 1672 966 1736 cf.
1002 1671 1129 1758 Lycum
1171 1694 1223 1758 ap.

115 1772 263 1838 Mueller.
296 1773 337 1836 fr.
370 1773 447 1836 hist.
477 1771 535 1836 Gr.
564 1771 600 1835 II
628 1795 660 1858 p.
685 1775 758 1838 374.
809 1773 843 1857 3)
867 1772 908 1838 de
946 1773 1079 1838 Leaena
1109 1771 1224 1837 scribit

113 1876 199 1939 Plin.
221 1875 253 1938 h.
275 1898 307 1938 n.
331 1872 399 1937 VII
414 1876 452 1938 23
473 1873 593 1938 Athen.
615 1873 704 1936 XIII
715 1899 746 1962 p.
760 1876 822 1939 596
834 1874 873 1938 F.
897 1875 931 1961 4)
958 1873 1133 1940 Telesillae
1156 1895 1221 1938 mc·

115 1976 279 2040 minerunt
300 1976 441 2039 Pausan.
463 1975 569 2057 1120,
594 1981 623 2039 7.
647 1978 665 2039 8
687 1974 843 2063 Polyaen.
865 1975 948 2040 VIII
974 1979 1013 2041 33
1038 1975 1129 2040 Suid.
1151 2001 1176 2040 s.
1189 1997 1222 2040 v.

115 2076 266 2142 Socrates
283 2078 430 2162 Argivus
453 2099 505 2163 ap.
528 2075 614 2140 Plut.
640 2078 680 2140 de
700 2077 775 2141 mul.
799 2079 875 2142 virt.
895 2099 923 2142 o.
939 2076 1119 2141 4Mueller.
1140 2075 1222 2141 Dor.

115 2179 132 2242 I
154 2189 197 2264 p.
213 2181 271 2243 173
296 2178 421 2243 Neuius
444 2179 485 2242 de
507 2177 682 2242 Telesillae
704 2187 736 2242 et
756 2178 930 2242 Praxillae‘
947 2178 1063 2265 reliqq.
1090 2178 1169 2239 1843
1192 2181 1223 2240 4.

93 2318 96 2322 ·
116 2280 350 2367 Bernhardyus
366 2280 510 2345 Grundr.
524 2280 555 2344 d.
572 2301 621 2364 gr.
634 2278 673 2342 L.
687 2278 727 2344 G.
741 2278 777 2341 II
793 2283 864 2344 541.
888 2281 922 2368 5)
936 2279 1131 2360 Anticliam,
1147 2301 1226 2365 qua-

117 2381 157 2446 de
177 2382 329 2446 Eustath.
356 2383 399 2446 ad
422 2383 519 2448 Hom.
549 2381 711 2468 Odysst
743 2384 802 2445 196
820 2382 905 2465 agit,
936 2381 1134 2446 non'omisit
1155 2381 1226 2467 Hy·

115 2483 182 2566 gin.
211 2482 233 2545 f.
263 2481 454 2568 CCXLIII,
478 2506 584 2571 neque
608 2481 695 2548 idem
716 2483 894 2548 Alcestidi's
917 2482 1038 2548 oblitus
1059 2481 1138 2546 ibid.
1189 2482 1222 2568 6)

114 2585 292 2648 Macariam
321 2584 472 2650 laudibus
500 2581 638 2650 efferunt
667 2584 747 2648 Eur.
774 2581 907 2649 Heracl.
930 2574 991 2648 500
1022 2583 1122 2647 Paus.
1145 2584 1162 2646 I
1186 2575 1230 2646 32

116 2683 216 2751 schol.
240 2686 299 2750 Ar.
324 2687 409 2773 qu.
435 2690 512 2749 1141
538 2687 663 2752 Eudoc.
686 2710 718 2773 p.
742 2688 815 2749 284.
837 2685 928 2750 Inter
945 2683 1173 2772 philadelphos
1194 2692 1227 2748 et

115 2788 199 2850 hane
221 2795 254 2850 et
278 2787 517 2873 Hyacinthides
540 2789 696 2875 deinceps
725 2795 874 2852 recenset
893 2809 1045 2873 anonym.
1068 2793 1162 2849 tract.
1185 2786 1225 2850 de

116 2887 242 2953 mulier.
265 2911 282 2952 e
302 2889 373 2954 cod.
399 2890 514 2954 Escor.
542 2913 593 2977 ap.
623 2891 797 2954 Westerm.
821 2886 983 2952 Paradox.
1016 2911 1048 2974 p.
1072 2890 1144 2951 219.
1190 2889 1224 2972 7)
1332 2965 1333 2970 ¹

116 2989 156 3052 de
179 2989 355 3053 Erechthei
375 2990 515 3080 filiabus,
535 3013 617 3077 quae
636 2992 768 3077 proprio
783 2991 914 3054 nomine
933 2988 1090 3074 Virgines
1115 2990 1225 3087 (Παρ-

115 3089 226 3175 θένοι)
247 3089 430 3178 appellatae
452 3113 472 3154 a
493 3092 657 3156 nonnullis
681 3115 755 3156 cum
769 3090 949 3178 Hyacinthi
965 3089 1119 3176 Spartani
1133 3091 1224 3178 prole

13 3225 14 3228 ¹
116 3192 271 3256 confusae
281 3192 522 3278 Hyacinthides
544 3194 754 3276 vocabantur,
777 3192 820 3278 cf.
839 3191 1038 3256 Phanodem.
1065 3191 1105 3255 fr.
1131 3195 1148 3256 3
1170 3215 1223 3280 ap.
1256 3261 1258 3265 ,

115 3293 264 3358 Mueller.
281 3295 341 3380 Ip.
354 3296 416 3358 366
430 3293 616 3358 Philochor.
631 3316 683 3379 ap.
699 3294 799 3358 schol.
819 3293 917 3381 Soph.
931 3294 970 3358 Ο.
989 3293 1026 3358 O.
1045 3297 1105 3357 100
1120 3293 1169 3357 fr.
1186 3297 1222 3358 31

114 3418 146 3481 p.
170 3398 231 3459 389
254 3393 424 3463 Demosth.
443 3395 584 3481 epitaph.
610 3398 702 3477 1397,
725 3398 762 3458 19
784 3397 866 3460 Rsk.
880 3396 997 3459 .Blum.
1022 3395 1065 3459 ad
1080 3395 1225 3480 Lycurg.
1287 3393 1288 3398 ’

114 3497 230 3561 Leocr.
252 3519 284 3582 p.
309 3498 369 3558 122
390 3495 543 3582 Apollod.
566 3496 975 3583 11115‚4Demarat.ap.
1001 3496 1103 3560 Olem.
1127 3495 1225 3561 Alex.

115 3599 221 3663 Protr.
244 3619 271 3660 1.
296 3601 366 3683 ap.
393 3599 432 3660 12
454 3596 545 3683 Sylb.
569 3597 692 3661 Euseb.
715 3597 773 3661 PE
793 3599 843 3662 IV
859 3602 897 3663 16
917 3621 949 3684 p.
971 3601 1031 3660 157
1047 3596 1137 3662 Stob.
1155 3599 1225 3662 flor.

115 3700 154 3764 T.
175 3700 334 3763 XXXIX
357 3701 396 3762 33
426 3697 505 3763 coll.
524 3696 633 3770 Vales.
660 3700 703 3764 ad
723 3700 883 3786 Harpocr.
903 3713 937 3785 p!
961 3700 1023 3782 262
1051 3695 1177 3785 Hygin.
1200 3700 1225 3765 f.

116 3802 240 3866 XLVI.
265 3800 513 3865 OOXXXVIII
535 3799 626 3864 Suid.
648 3800 833 3885 Παρθένοι.
847 3844 849 3848 -
865 3800 1010 3887 Hesyoh.
1035 3822 1061 3864 s.
1084 3823 1116 3863 v.
1129 3799 1228 3886 Apo--

117 3903 190 3968 stol.
211 3903 278 3967 XV
292 3907 332 3966 84
355 3902 469 3989 Heyn.
485 3900 594 3988 Apoll.
616 3901 670 3965 III
690 3926 721 3989 p.
745 3904 806 3967 865
835 3904 936 3990 antiq.
959 3902 1129 3968 Aufsaetz.
1153 3903 1170 3965 Ι
1191 3925 1224 3988 p.

116 4008 168 4068 96.
228 4005 261 4086 8)
295 4003 447 4067 Theanus
474 4024 667 4088 responsum
693 4004 848 4089 pudicum
872 4011 1110 4069 commemorat
1135 4002 1225 4068 Stob.

117 4104 206 4170 Flor.
231 4104 269 4168 T.
287 4104 437 4168 LXXIV
455 4106 495 4167 53
516 4103 648 4188 Menag.
672 4104 714 4168 ad
733 4105 876 4192 Diogen.
898 4106 958 4169 La.
981 4105 1067 4168 VIII
1090 4107 1141 4168 43.
1192 4107 1225 4188 9)

116 4229 148 4269 v.
179 4205 280 4290 Diog.
305 4205 345 4270 L'.
375 4203 461 4268 VIII
486 4208 500 4266 1
530 4226 562 4266 n.
587 4207 636 4268 22.
697 4207 749 4288 16)
774 4206 816 4269 cf.
838 4206 938 4288 Diog.
960 4205 999 4268 L.
1023 4208 1057 4269 X
1078 4209 1225 4271 n.3.14

117 4307 248 4392 Menag.
278 4306 344 4372 vol.
372 4305 420 4370 IV
447 4332 479 4395 p.
509 4309 568 4370 617
595 4306 675 4392 Lps.
743 4309 796 4394 11)
826 4306 869 4370 cf.
892 4304 1023 4392 Menag.
1047 4307 1123 4372 hist.
1147 4308 1224 4373 mul.
