2812 4868
188 354 229 414 22

189 515 317 605 μισπής.
361 512 401 583 τὰ
421 513 485 602 γὰρ
508 515 614 602 σάκκη
637 518 796 602 ἐπίχαλκα
815 518 904 603 λέγει
922 520 958 608 (l.
981 559 1024 570 -
1047 507 1143 606 επακ).
1178 519 1304 584 Contra

190 621 397 702 Palmerium,
416 621 473 706 qui
493 613 572 702 ὄφις
583 618 685 698 σάκος
696 622 782 704 ἔχων
793 620 945 705 correxit,
961 629 994 686 et
1006 620 1202 704 Albcrtium,
1220 615 1302 704 ὄφιν

190 719 293 800 σάκος
313 723 430 804 ἔχοντα
452 722 659 808 suspicatum,
682 723 803 787 editam
822 723 983 810 Hesychii
1004 723 1175 788 lectionem
1192 731 1302 786 tuetur

189 823 391 888 Fritaschius
413 823 464 887 his
486 821 598 887 verbis
619 845 650 908 p.
674 827 714 888 46
745 824 867 889 ‘immo
889 824 1100 888 Aristarchus
1130 823 1302 887 verissime

189 932 402 1013 perspexerat
427 919 690 1008 σακοὸερμισπής
715 945 735 988 a
758 924 918 1011 Sophocle
940 946 999 990 suo
1023 925 1089 990 dici
1109 929 1301 1008 serpentem,

191 1026 283 1093 euius
300 1025 409 1108 imago
428 1026 463 1088 in
486 1046 612 1088 summo
635 1025 750 1112 clypeo
768 1045 924 1112 expressa
940 1027 991 1109 sit,
1014 1026 1109 1112 quasi
1127 1022 1301 1088 vernacule

190 1128 336 1193 dicamus
365 1129 648 1206 ‘Scbddsclzlanpe’
687 1126 761 1192 coll.
792 1127 911 1192 Aescb.
944 1127 1034 1214 Sept.
1062 1123 1149 1190 4952
1199 1124 1302 1209 Atqui

189 1230 251 1294 hoc
279 1228 308 1292 si
328 1227 487 1293 voluisset
509 1226 736 1312 Aristarchus,
764 1229 903 1293 dixisset
932 1231 1046 1315 opinor
1084 1221 1186 1303 σάκος
1219 1219 1302 1306 ὄφιν

154 1340 162 1346 “
189 1332 267 1413 ἔχον
299 1331 469 1412 (σημεῖον)
502 1337 539 1393 ut
571 1337 621 1393 est
642 1329 678 1391 in
704 1327 804 1394 schol.
834 1329 933 1394 Taur.
962 1327 1042 1393 Eur.
1067 1325 1190 1392 Phoen.
1221 1327 1301 1388 1108

189 1431 255 1496 vol.
276 1429 307 1494 V
325 1452 357 1516 p.
378 1430 440 1492 232
457 1428 573 1493 Matth.
602 1437 740 1513 σημεῖον
762 1429 828 1511 ἔχει
847 1426 910 1512 γὰρ
934 1429 971 1494 ἐν
994 1433 1034 1514 τῇ
1054 1423 1179 1494 ἀσπίδι.
1227 1425 1301 1510 Ego

189 1529 277 1594 haud
299 1530 367 1593 scio
392 1550 434 1592 an
455 1530 518 1594 huc
540 1531 701 1615 pertineat
721 1528 787 1593 alia
807 1531 967 1616 quaedam
985 1527 1146 1615 Hesychii
1169 1524 1298 1610 glossa:

190 1633 428 1696 litteratiores
457 1627 495 1694 ni
524 1625 762 1713 παραπλησίως
787 1640 856 1706 τοῖς
885 1624 1038 1712 ὄφεσιν
1067 1626 1134 1693 καὶ
1163 1620 1299 1713 (legal)

190 1741 279 1808 τοῖς
301 1726 512 1815 σκώληξιν
532 1732 617 1797 ἰέναι
644 1729 687 1796 cf.
710 1729 791 1794 Hcs.
811 1724 1039 1796 livesticum.
1083 1727 1299 1792 Animadver-

189 1842 251 1916 tas,
271 1851 402 1918 quaeso,
423 1853 503 1917 prae
525 1833 642 1898 ceteris
664 1833 707 1896 ad
728 1830 809 1896 illud
829 1825 951 1916 ὄφεσιν
967 1823 987 1915 ἢ
1004 1825 1179 1912 σκώληξικ.
1210 1829 1301 1892 Fieri

90 1993 92 2000 ,
191 1934 291 2018 igitur
314 1938 431 2018 potest,
449 1938 486 1994 ut
506 1931 588 1996 tales
607 1932 676 1997 fere
688 1932 859 2019 Sophoclis
882 1955 995 1998 versus
1015 1930 1226 1997 Aristarchus
1243 1929 1301 1994 Di·

191 2033 374 2122 dymusque
401 2041 476 2096 ante
503 2032 620 2098 oculos
644 2033 833 2099 habuerint:
872 2028 917 2112 ὡς
938 2028 1231 2128 σακκοδερμηστής
1252 2053 1302 2107 τις

191 2130 440 2216 είλυσπαόμενος
461 2142 493 2199 et
511 2173 555 2186 -
576 2129 615 2213 ὄς
634 2135 812 2199 εἰλυσπᾶτο
839 2135 1029 2218 δερμησποῦ
1050 2134 1159 2217 δίκην.
1203 2131 1301 2196 Nam-

190 2260 254 2326 que
282 2236 404 2302 formas
430 2236 530 2300 etiam
555 2236 631 2301 has:
667 2231 917 2320 εἰλυσπιόμεκος
944 2237 1179 2300 σ1.ελλυσπᾶτο
1203 2235 1315 2303 inter-¹

190 2346 337 2426 pretatur
371 2337 574 2424 Hesychius,
615 2359 711 2425 quem
745 2336 787 2401 de
825 2334 949 2413 ελλύλος
975 2357 1106 2424 quoque
1137 2332 1321 2400 consulam

192 2439 289 2519 Quod
312 2440 341 2502 si
356 2437 570 2524 probabiliter
591 2439 803 2521 coniecimus,
833 2436 1104 2523 σακοδερμησπής
1124 2438 1211 2502 idem
1231 2436 1302 2500 scre

191 2539 313 2606 animal
341 2536 534 2622 intellegere
561 2537 717 2604 debemus
745 2548 843 2626 atque
864 2534 1066 2624 δερμηστής,
1100 2562 1117 2604 e
1139 2540 1301 2604 tinearum

191 2661 327 2726 genere,
360 2660 443 2730 quae
469 2638 572 2704 hirtos
601 2646 790 2725 setososque
816 2639 919 2725 pelles
948 2640 1111 2706 roderent.
1155 2639 1302 2706 Videsne

192 2764 275 2830 quae
301 2743 434 2808 tandem
463 2763 579 2806 caussa
605 2739 889 2827 grammaticorum
917 2739 1015 2805 facile
1040 2742 1244 2808 doctissimos
1267 2741 1302 2804 in

190 2855 257 2910 tam
286 2844 433 2908 diversas
461 2843 638 2920 sententias
666 2841 880 2922 distraxerit?
921 2841 1054 2908 Scilicet
1080 2866 1154 2908 cum
1174 2851 1303 2908 tantum

190 2947 430 3034 perspicerent,
456 2948 492 3008 in
520 2943 689 3031 Sophoclis
712 2943 746 3008 ll.
773 2964 819 3006 cc.
851 2943 892 3008 de
920 2943 1054 3008 animali
1073 2946 1214 3033 quodam
1237 2968 1302 3012 ser·

191 3068 320 3112 monem
346 3046 435 3128 inici,
454 3046 551 3132 quod,
573 3067 615 3112 nc
636 3041 834 3130 comparatio
855 3045 963 3110 minus
976 3052 1053 3131 apta
1070 3045 1233 3129 evaderet,
1256 3047 1303 3110 ita

192 3149 371 3233 fingeretur
391 3155 570 3231 oporteret,
592 3153 629 3210 ut
650 3155 682 3210 et
703 3146 828 3210 formae
849 3147 1013 3220 tereticris
1036 3156 1122 3213 esset
1134 3158 1176 3212 et
1197 3156 1302 3214 tortus

192 3250 336 3334 segniter
361 3249 469 3331 daret,
494 3247 705 3312 Aristarchus
727 3246 769 3312 de
787 3256 951 3334 serpente,
973 3248 1137 3336 Didymus
1159 3250 1201 3316 de
1221 3250 1302 3315 lum-

191 3353 294 3433 brico,
311 3349 396 3414 Orus
413 3371 502 3430 vero,
517 3357 573 3412 aut
593 3349 621 3412 si
637 3347 715 3434 quid
731 3347 828 3414 video
843 3347 976 3416 Cassius
991 3351 1171 3436 Longinus,
1183 3354 1302 3419 utrius·

191 3475 255 3541 que
278 3451 463 3536 opinatione
478 3449 680 3536 posthabita,
707 3449 748 3514 de
769 3450 866 3514 tineis
889 3473 948 3516 suo
968 3452 1105 3538 quisque
1123 3455 1194 3518 iure
1214 3455 1302 3539 cogi-

191 3554 285 3618 tavit.
330 3550 393 3615 Oui
413 3550 545 3638 quidem
565 3551 615 3614 rei
636 3553 873 3636 comparandae
894 3549 1070 3639 Sophocles
1092 3574 1183 3618 vocc.
1206 3555 1301 3638 daea.

193 3663 224 3720 et
239 3655 375 3718 σακκοδ.
398 3674 477 3718 usus
498 3653 549 3736 sit,
571 3651 659 3729 haud
680 3651 778 3717 facilc
796 3652 1030 3718 enucleaveris.
1051 3651 1180 3718 Licebit
1193 3663 1304 3720 tamen

191 3755 330 3820 sortasse
347 3755 388 3820 de
410 3776 449 3820 eo
465 3754 626 3820 undarum
642 3756 771 3839 agmine
786 3755 940 3839 cogitare,
956 3759 1052 3842 quod,
1075 3779 1148 3820 cum
1163 3756 1302 3822 lentiore

191 3857 368 3923 movimine
389 3855 546 3939 fluitaret,
566 3856 685 3922 Acoles
707 3852 897 3941 σκώληκας,
918 3857 1037 3945 reliqui
1059 3858 1179 3924 Gracci
1200 3864 1302 3924 κολο-

192 3954 322 4042 κύμαπα
354 3956 558 4040 vocitabant3
594 3960 704 4046 itaque
735 3958 889 4025 vocabuli
918 3957 1211 4044 σακκοδερμηστής
1245 3961 1301 4047 (de

191 4062 355 4147 geminato
373 4083 395 4123 κ
415 4059 458 4125 cf.
481 4060 617 4126 Lobeck
638 4060 801 4147 Aglaoph.
824 4064 900 4143 845)
923 4061 1104 4148 veriloquio
1125 4061 1222 4126 facile
1246 4085 1301 4127 ex·

190 4182 302 4243 cusso,
326 4163 401 4248 ‘qui
419 4160 540 4240 hirtum
560 4163 680 4248 pellem
699 4158 923 4252 canaodsppa,
947 4161 1111 4250 (similiter
1126 4162 1300 4228 formatum

193 4270 243 4325 est
258 4262 451 4348 Apollodori
468 4263 612 4350 Carystii
633 4285 685 4350 ap.
701 4263 785 4330 Poll.
801 4263 836 4328 X
859 4267 916 4330 161
934 4287 967 4350 p.
979 4267 1042 4328 443
1057 4263 1157 4330 Bekk
1177 4279 1302 4330 σακκο·
