2866 4882
217 363 279 428 338

217 529 318 618 Apud
337 528 518 595 Homerum
539 524 714 610 legendum
736 545 810 590 esse
833 534 969 612 apparet
986 517 1255 609 'ApyeFuoovtog
1278 523 1334 612 [cl.

215 627 426 719 Ἀριίφατος,
452 623 665 712 Ἀριιμανής,
684 621 952 715 Ἀρειδάσανος],
979 628 1163 713 respicique
1187 623 1336 691 fabulum

218 732 262 798 ab
289 729 491 818 Apollodoro
518 728 536 792 Ι
564 731 583 792 6
590 731 641 810 ,3
669 727 734 793 vol.
764 727 781 790 Ι
809 750 840 815 p.
870 729 910 792 23
942 727 1052 816 Heyu.
1080 735 1250 792 narratam
1283 728 1339 809 ναί

218 831 398 914 κατέστησε
422 825 569 918 [φύλακα
585 827 661 894 add.
675 828 806 917 Faber.]
825 826 1014 915 Δελφύνην
1032 827 1238 913 δράκαιναν·
1259 821 1339 911 ἡμί-

221 1059 275 1114 τες
295 1030 335 1100 τά
357 1035 464 1117 νεῦρα
486 1026 640 1116 ἥρμοσαν
662 1035 708 1118 τῷ
730 1033 793 1096 Διῒ
811 1027 984 1108 λαθόντες.
1029 1032 1070 1095 ln
1089 1029 1233 1116 epitheto
1257 1051 1337 1093 vero

221 1136 399 1220 διάκτορος
416 1133 504 1198 houd
525 1133 593 1197 scio
612 1153 656 1195 nn
675 1137 722 1198 Δι
736 1129 820 1218 (ὁρ),
841 1132 948 1216 lovis,
971 1134 1092 1197 mentio
1113 1130 1230 1212 lateat,
1267 1132 1338 1208 eive

220 1235 430 1324 interpretari
452 1232 546 1298 mulis
567 1229 628 1298 τδν
643 1229 728 1310 Διὸς
746 1227 872 1317 άκτορα
893 1235 964 1300 sive
979 1227 1039 1298 τὸν
1052 1227 1139 1310 Διὸς
1158 1228 1336 1316 άιιίστορα.

220 1338 325 1402 —De
339 1359 362 1419 μ
377 1334 581 1422 epenthctico
597 1333 762 1419 disputavi
778 1358 811 1421 p.
825 1338 897 1400 317.
910 1336 972 1399 318
988 1335 1023 1399 in
1043 1333 1218 1400 comment.
1239 1335 1278 1399 II
1301 1358 1339 1400 ec

219 1439 397 1530 particule,
430 1459 513 1524 quae
535 1436 789 1523 hypomnemete
810 1437 974 1502 rhetorice
996 1436 1166 1523 (Aeschin.
1191 1459 1219 1501 c.
1248 1437 1337 1502 Otos.

220 1545 252 1623 ξ.
277 1544 335 1604 107
360 1539 463 1626 Hurp.
483 1538 731 1625 Κρανναίίδαι)
756 1541 910 1604 continet.
976 1575 979 1581 ι

760 1728 778 1789 3

184 1909 188 1916 ,
306 1842 361 1907 Ε1.
383 1865 427 1906 m.
450 1843 522 1924 372,
544 1844 584 1905 29
608 1843 664 1928 (et.
677 1841 764 1907 Gud.
777 1845 850 1926 215,
861 1842 915 1928 32)
937 1839 1106 1925 ἑρείπιι·
1131 1840 1187 1906 καὶ
1206 1842 1299 1926 λέγει
1313 1837 1336 1907 ’ὁ

209 1944 425 2032 Δίδυμος,
453 1936 517 2029 ὅτι,
534 1939 589 2008 διά
617 1946 679 2007 τοῦ
701 1968 713 2008 ι
732 1937 857 2027 ι’ίφειλε
879 1939 1084 2029 γράφεσθαι,
1104 1941 1220 2028 ἐπειδὴ
1245 1941 1337 2028 παρὰ

221 2039 259 2108 τὰ
285 2043 405 2129 ἑρίπνη
426 2044 533 2127 ἐστίν,
561 2037 645 2127 ὅπερ
665 2048 819 2128 σημαίνει
841 2040 903 2128 τὴν
924 2040 1076 2129 μεγάλας
1099 2046 1338 2131 περιπνειομέ-

221 2167 297 2228 νην.
340 2139 378 2210 τδ
399 2143 437 2210 δὲ
460 2144 578 2228 ίρίπνη
600 2138 657 2210 διά
679 2149 740 2209 τοῦ
762 2170 775 2209 ι
797 2140 887 2229 παρά
906 2142 967 2229 τὴν
990 2169 1041 2229 ερι
1061 2146 1224 2213 ἐπίτασιν.
1262 2150 1337 2214 Phi-

221 2249 360 2314 loxenus
371 2254 404 2310 et
410 2245 619 2311 Herodianus
631 2243 752 2327 ἐρείπιι
760 2247 994 2333 praetulerunt.
1011 2247 1118 2313 Attuli
1131 2248 1217 2313 hunc
1225 2245 1338 2314 locum

221 2350 257 2412 in
277 2347 547 2412 commentatione
566 2344 607 2409 de
626 2346 765 2432 Didymi
784 2346 851 2411 lexi
869 2349 998 2432 tragica
1015 2373 1047 2435 p.
1063 2353 1133 2429 100,
1156 2349 1214 2415 ubi
1232 2351 1337 2416 schol.

222 2448 266 2513 ed
286 2448 385 2534 Soph.
408 2449 462 2512 Αἰ.
488 2449 549 2512 308
572 2446 646 2511 coll.
668 2446 814 2533 Hesych.
835 2449 852 2511 I
871 2471 903 2534 p.
929 2452 1008 2513 1432
1030 2459 1141 2514 nostro
1165 2452 1338 2517 vindicare

222 2548 342 2622 studui.
388 2547 511 2612 Scholii
539 2555 652 2611 auctor
680 2569 809 2634 quoque
839 2549 1002 2614 mordicus
1030 2560 1120 2615 tenet
1142 2554 1337 2639 scripturam

203 2647 373 2733 ίριπίοις,
393 2670 589 2736 quemquam
607 2650 839 2735 interpretatur
862 2649 902 2714 τά
918 2650 972 2716 ἐπὶ
989 2647 1052 2735 τὴν
1073 2653 1154 2736 ἔρον
1170 2657 1337 2718 πίπτοντα

223 2747 388 2837 (Eustoth.
414 2752 503 2834 1280,
528 2751 594 2837 33),
618 2750 705 2837 quod
724 2749 900 2817 Philoxeni
922 2762 991 2818 erat
1013 2754 1242 2841 veriloquium.

756 2943 787 3004 4.

308 3052 453 3139 cyrillus
473 3054 545 3119 cod.
564 3053 661 3121 Bodl.
677 3064 762 3121 auct.
779 3056 814 3121 II
828 3061 863 3120 11
879 3077 912 3121 n.
927 3060 946 3120 6
961 3057 1049 3144 opud
1061 3058 1170 3124 Crem.
1194 3060 1335 3126 enecdd.
1401 3075 1406 3086 '

113 3152 116 3158 ’
222 3152 298 3216 Par.
313 3152 363 3216 IV
383 3175 417 3239 p.
436 3154 505 3237 188,
523 3158 565 3219 32
586 3158 819 3222 Ποσειδῶν·
844 3152 935 3223 οὕτω
955 3161 1144 3244 Δίδυμος
1165 3161 1221 3223 καὶ
1243 3159 1338 3241 Τρύ-

222 3275 300 3336 φων
320 3247 385 3318 άπδ
410 3256 468 3337 τῆς
488 3251 630 3339 πόσεως,
649 3250 803 3334 Ἀλεξίων
825 3254 862 3324 δὲ
884 3257 939 3324 ιιαὶ
953 3256 1174 3337 Ἀπολλώνιος
1195 3257 1251 3326 διά
1273 3266 1337 3326 τοῦ

223 3377 235 3417 ι
256 3348 345 3437 παρά
365 3347 427 3437 τὴν
451 3356 551 3419 ποσίν
573 3355 643 3442 (Or.
666 3355 782 3442 πόσιν)
806 3357 955 3444 δοτικήν.

308 3453 361 3518 Of.
387 3454 516 3520 Nauck.
543 3455 647 3522 Arist.
672 3457 754 3545 Byz.
777 3484 810 3547 p.
833 3463 905 3545 230,
929 3465 947 3525 3
981 3460 1113 3528 Veleen.
1137 3464 1158 3527 l.
1182 3486 1211 3528 c.
1233 3487 1266 3550 p.
1285 3468 1335 3546 93,

223 3555 279 3643 qui
300 3556 410 3620 omisit
428 3556 528 3622 schol.
547 3558 606 3622 Ar.
622 3560 766 3626 Acheru.
781 3565 842 3626 690
854 3564 957 3648 (682).
979 3563 1042 3628 Εδ.
1060 3563 1225 3629 Gerhordi
1240 3587 1336 3652 opus-

222 3655 340 3738 culum,
362 3659 450 3742 quod
467 3666 519 3722 est
540 3663 649 3724 ’Ποίαν
666 3666 832 3742 Πιομνιιομ,
859 3669 963 3728 Wesen
984 3671 1050 3729 ανιί
1065 3671 1190 3744 Getone
1204 3673 1259 3731 des
1275 3674 1336 3732 Ρο-

222 3762 341 3821 seidon’
365 3757 400 3820 in
420 3758 507 3822 Abh.
531 3759 563 3823 d.
587 3762 691 3828 Acud.
715 3763 747 3827 d.
773 3764 875 3828 Wiee.
898 3764 986 3829 Berl.
1013 3766 1093 3829 1852
1116 3789 1147 3852 p.
1167 3770 1335 3832 150-198

185 3933 186 3938 ἵ
222 3855 316 3921 doleo
339 3856 426 3944 quod
447 3861 593 3926 nancisci
613 3884 679 3927 non
701 3865 802 3950 potui.

763 4054 781 4112 5

306 4159 360 4224 Et.
382 4159 468 4226 Gud.
486 4166 537 4245 49,
555 4165 595 4228 39
615 4174 647 4229 et
662 4174 704 4230 et.
719 4166 840 4253 Angel.
865 4191 917 4257 ap.
936 4171 1094 4238 Bitschel.
1110 4197 1143 4262 p.
1157 4176 1218 4240 V5
1244 4178 1332 4263 (lect.

131 4349 138 4364 ι
222 4256 316 4323 catal.
338 4259 444 4326 Bonn.
467 4264 616 4350 1846s47)
639 4259 849 4356 άμφιτρήη
872 4273 960 4359 (sio).
990 4267 1011 4358 ἡ
1032 4271 1199 4341 θάλασσα.
1228 4273 1334 4363 άμφι-
1412 4345 1418 4358 ,
