2866 4882
71 355 74 362 ·
129 326 191 386 310

216 490 269 556 De
301 485 541 554 commentariis
572 481 710 570 Didymi
741 480 961 548 Alexandrini
993 483 1056 546 τοῦ
1079 478 1247 566 πονήρου,

129 591 297 674 laboriosi,
320 599 352 656 et
374 587 577 674 cognominis
599 585 738 670 Didymi
754 583 865 649 Cnidii
887 584 927 646 in
948 585 1134 666 Aratum,
1164 607 1247 670 quos

129 694 311 758 Victorium
340 691 383 758 ad
414 690 537 756 oaleem
566 709 681 753 oomm.
711 687 837 770 isagog.
858 679 1029 770 Ἐρατοσθ.
1053 710 1087 773 p.
1114 689 1173 748 117
1198 707 1248 750 se-

129 803 223 860 cutus
250 793 421 858 Fabricius
444 791 516 856 BG.
539 790 596 856 lib.
622 789 675 852 III
704 809 774 875 oap.
796 805 887 852 xvlu
907 813 939 876 p.
961 792 1022 852 455
1052 810 1248 854 commemo-

129 904 190 978 rat,
212 894 344 960 aliunde
363 895 445 959 nihil
465 901 667 980 compertum
688 889 802 956 habeo.

298 1163 588 1228 Commentarii
618 1165 659 1226 in
688 1171 874 1229 oratores
900 1162 1075 1226 Atticos.

652 1302 717 1380 26.

457 1431 504 1494 In
529 1430 823 1515 Antiphontem
852 1431 911 1516 (i).

216 1552 373 1635 Hermog.
391 1571 424 1614 π.
435 1549 478 1614 o.
496 1553 517 1633 β
530 1554 548 1612 7
563 1570 614 1634 ap.
628 1546 735 1611 Walz.
749 1546 844 1610 rheu.
857 1547 974 1611 Graec.
987 1549 1041 1612 IH
1051 1572 1083 1635 p.
1094 1551 1155 1613 385
1170 1547 1248 1630 περὶ

133 1653 170 1716 δὲ
188 1647 422 1735 Ι’.ἀναφύντος
443 1650 602 1734 λέγοντας
623 1643 752 1730 ἀνάγκη
773 1643 961 1731 προειπεῖν,
997 1643 1065 1733 ὅτι,
1088 1647 1246 1733 καθάπερ

134 1746 230 1816 ἀλλοι
252 1751 289 1815 τί
308 1746 491 1833 φασινούκ
507 1745 613 1833 ὀλίγοι
629 1742 1246 1834 καὶΔίὸυμοςὸγραμματικύς,

136 1847 219 1936 πρὸς
238 1850 275 1917 δὲ
297 1849 354 1915 καὶ
374 1843 440 1915 ἀπὸ
463 1855 522 1934 τῆς
544 1853 690 1932 ἱστορίας
710 1852 876 1934 φαίνεται,
899 1853 1035 1925 πλείους
1061 1849 1123 1932 μὲν
1144 1851 1246 1934 γεγύ-

133 1947 474 2038 υασιυἈντιφῶντες,
498 1951 560 2019 δύο
583 1953 621 2018 δὲ
645 1954 679 2017 οί
692 1947 985 2035 σοφιστεύσαντες,
1005 1940 1054 2014 oio
1070 1951 1126 2014 καλ
1141 1952 1246 2035 λόγου

133 2049 262 2137 ἀνάγκη
285 2050 498 2137 ποιήσασθαι.
545 2044 594 2118 ὦν
617 2045 663 2131 εἷς
684 2052 745 2135 μέν
771 2053 862 2117 ἐστιν
890 2045 907 2115 ὁ
931 2048 1060 2137 ῥητωρ,
1082 2041 1191 2133 οὗπερ
1216 2059 1250 2119 ολ

134 2156 271 2240 φονικοὶ
298 2157 460 2240 φέρονται
487 2152 582 2240 λόγοι
610 2154 665 2220 καὶ
689 2151 707 2219 ὁ
731 2153 807 2239 περὶ
828 2149 986 2238 ὁμονοίας
1007 2150 1117 2217 καλοί
1137 2156 1248 2238 ύημη-

134 2257 265 2340 γοριιιολ
287 2255 342 2321 καὶ
369 2251 387 2321 ὁ
418 2255 589 2334 πολιτικὸς
616 2256 671 2322 καὶ
700 2251 763 2320 ὅσα
786 2252 952 2332 τοιούτοις
980 2249 1087 2337 ὁμοία.
1133 2252 1248 2338 ἕτερος

133 2355 170 2422 δὲ
190 2352 279 2422 ὁκαὶ
293 2355 537 2443 τερατοσκόπος
555 2359 609 2424 καὶ
627 2353 855 2442 ὀνειροκρίτης
873 2353 1054 2440 λεγόμενος
1072 2355 1247 2440 γενέσθαι,

133 2446 240 2539 οὗπερ
262 2457 297 2520 οί
316 2455 391 2538 περὶ
414 2461 472 2540 τῆς
491 2453 651 2540 ἀληθείας
672 2458 826 2540 λέγονται
848 2452 953 2538 λόγοι.

217 2555 272 2622 Sic
286 2557 393 2622 locum
405 2558 554 2622 Walzius
569 2560 659 2624 dedit
669 2558 879 2645 Spengelium
896 2567 1025 2622 secutus
1036 2558 1071 2620 in
1084 2579 1245 2644 synagog.

132 2658 240 2723 techn.
263 2682 295 2745 p.
314 2664 382 2722 114.
407 2658 459 2724 Of.
484 2660 617 2745 Taylor.
640 2661 726 2725 lectt.
747 2659 880 2746 Lysiae.
901 2659 967 2722 VII
989 2660 1026 2722 P.
1046 2680 1112 2722 van
1134 2659 1247 2747 Spaan

131 2781 162 2844 p.
186 2762 245 2823 149
268 2760 320 2824 ed.
343 2761 505 2825 Friedem.
529 2761 703 2826 Westerm.
724 2762 802 2826 hist.
826 2761 909 2848 eloq.
929 2763 946 2825 I
968 2785 1000 2848 p.
1022 2763 1093 2825 276.
1138 2761 1246 2849 Didy-

89 2893 92 2898 ,
130 2882 202 2924 mus
228 2883 292 2946 quo
321 2861 391 2927 looo
423 2862 463 2926 de
485 2863 742 2948 Antiphontibus
765 2864 969 2949 exposuerit,
999 2857 1120 2928 ne'soio.
1164 2864 1245 2927 For-

129 2971 217 3025 tasse
251 2963 286 3024 in
317 2963 511 3028 Rhamnusii
542 2967 705 3029 orationes
738 2972 972 3029 commentatus
1008 2965 1111 3029 vitam
1146 2968 1245 3031 etiam

130 3083 220 3125 more
243 3062 338 3127 solito
358 3064 505 3130 breviter
529 3069 704 3131 enarravit.

659 3222 716 3304 19.

309 3351 606 3416 Commentarii
634 3354 673 3417 in
701 3355 1065 3443 Demosthenem).

215 3491 244 3532 α.
285 3471 479 3553 Harpocrat.
511 3473 581 3554 156,
607 3476 645 3534 to
677 3471 785 3536 Bekk.
820 3473 913 3538 Phot.
935 3478 1006 3557 441,
1032 3479 1070 3537 15
1100 3475 1243 3540 Πολύ-

129 3585 319 3652 στρατος·
334 3611 375 3622 -
387 3565 488 3649 ἀλλος
505 3566 538 3637 d’
560 3563 669 3655 ἀνείη
689 3572 936 3658 Πολύστρατος,
960 3565 1003 3639 ού
1017 3578 1244 3661 Δημοσθένης

129 3668 334 3755 μνημονεύει
356 3672 393 3736 ἐν
417 3661 643 3756 Φιλιππικοῖς,
666 3674 774 3756 λέγειν
795 3669 902 3740 αὐτόν
920 3698 1000 3741 ποτε
1021 3676 1058 3741 ἐν
1080 3681 1243 3766 Κορίνθῳ

130 3767 263 3849 ξενικὸν
284 3774 431 3857 τρέφειν.
455 3770 582 3857 μήποτε
603 3775 717 3858 μέντοι
733 3774 884 3841 ἐνταῦθα
902 3779 956 3842 δεῖ
970 3774 1115 3862 γράφειν
1126 3779 1243 3846 Πολύ-

130 3895 257 3953 τροπου
279 3869 353 3938 ἀντὶ
375 3876 437 3937 τού
459 3872 712 3957 Πολυστράτου.
754 3873 843 3960 παρά
867 3879 987 3961 μηδενὶ
1007 3877 1071 3965 γάρ
1095 3897 1202 3964 φησιν
1224 3878 1241 3948 ὁ

130 3976 321 4058 Δίδυμος
343 3967 521 4058 εὑρηκέναι
541 3973 603 4042 τὸν
621 3973 862 4062 Πολύστρατον
886 3973 1101 4064 ἡγησάμενον
1119 3987 1182 4047 τού
1205 3983 1242 4049 ἐν

129 4079 292 4162 Κορίνθῳ
317 4076 462 4154 ξενικοῦ.
480 4079 493 4163 Η
511 4073 580 4143 Τὸν
608 4077 832 4164 Πολύτροπον
860 4078 921 4166 μὲν
949 4073 1014 4148 οὖν
1037 4082 1075 4149 ἐν
1097 4088 1138 4172 τῇ
1158 4111 1178 4165 ς
1205 4089 1240 4174 (η

200 4226 228 4291 l)
251 4229 293 4287 Cf.
318 4231 411 4288 Meier.
431 4234 544 4289 Midian.
570 4251 596 4305 p.
616 4237 675 4293 XV.
696 4265 730 4275 —
747 4240 876 4312 Hermog.
902 4240 936 4292 de
954 4241 1033 4294 form.
1054 4243 1079 4307 2,
1098 4245 1114 4293 7
1132 4259 1159 4316 ρ.
1175 4244 1235 4296 447.
