2880 4868
121 361 181 422 176
566 362 769 424 —52—

205 532 277 593 464.
303 529 341 592 αί
351 521 569 612 Ἀριστάρχου
589 531 885 592 παπταίνετον.
903 530 946 594 A.
971 528 1023 594 Of.
1049 529 1088 595 V.

201 633 274 717 483.
307 631 439 695 νείκει
466 623 626 710 άριστε·
660 624 870 712 Ἀρίσταρχος
894 641 1042 707 νεῖκος
1068 625 1230 716 άριστε,

119 726 164 810 ὡς
184 727 290 809 εεἶδος
312 727 446 817 άριστε’
470 733 517 819 [Γ
534 729 601 815 39).
622 732 664 796 Α.

204 833 288 922 [493.
333 845 494 911 κακοῖς·
531 826 672 917 άμεινον
699 827 771 897 ἀντ’
802 827 909 897 αὐτοῦ
935 830 1082 916 γράφειν
1112 829 1230 913 άναξ·

118 947 256 1022 προεῖπε
279 933 344 1019 γάρ
366 941 569 1020 χαλεποῖσιν.
593 935 645 1024 Β]

202 1040 275 1102 548.
299 1032 407 1116 οὕτως
426 1033 482 1103 διά
509 1040 571 1102 τοῦ
589 1047 610 1100 σ
631 1038 751 1118 φίλος
773 1039 875 1100 πᾶσαι
897 1031 996 1119 εἶχον.
1017 1039 1061 1103 A.

203 1143 275 1205 568.
295 1143 410 1224 χειρί
427 1163 480 1223 γρ.
502 1142 628 1222 χερσί.
644 1132 693 1224 [ἡ
717 1137 754 1201 δὲ
776 1139 878 1222 διπλῆ
894 1186 901 1201 .
919 1186 953 1202 ..
975 1140 1017 1204 A.

203 1245 276 1306 694.
300 1241 335 1305 οί
353 1235 391 1305 δὲ
412 1238 489 1324 περὶ
505 1233 700 1323 Ἀντίμαχον
717 1235 851 1322 νόημα
866 1236 1060 1323 γράφουσιν
1078 1237 1153 1307 άντὶ
1167 1248 1232 1310 τού

11 1343 17 1352 '
118 1341 231 1410 νόον.
255 1344 298 1408 A.

203 1447 276 1509 622.
319 1439 536 1507 ἐνδύσεαι·
561 1437 778 1527 Ἀρίσταρχος
800 1441 1011 1508 ἐσδύσεαι.
1034 1443 1077 1507 Α.
1109 1439 1232 1522 άλλως.

119 1543 227 1623 οὕτως
254 1541 455 1609 ἐσδύσεαι
484 1538 606 1627 σχεδόν
631 1538 773 1609 άπασαι·
804 1539 966 1610 οὐδέποτε
997 1540 1062 1631 γάρ
1081 1539 1234 1632 Ὅμηρος

119 1653 159 1735 τῇ
178 1648 215 1712 ἐν
236 1641 311 1712 άντὶ
331 1648 390 1729 τῆς
413 1648 459 1723 είς
480 1645 644 1729 κέχρηται.
666 1647 737 1711 AB.

202 1750 274 1812 635.
294 1743 415 1832 πάλη·
434 1741 644 1832 Ἀρίσταρχος
665 1743 731 1811 σύν
752 1753 799 1836 τῷ
820 1773 842 1813 ν
860 1747 1009 1831 πάλην.
1032 1737 1093 1812 A(

203 1851 276 1913 691.
297 1841 405 1927 οὕτως
427 1851 488 1927 ἐξω
510 1852 574 1915 τού
595 1874 608 1913 ι
630 1848 832 1932 ἑστήκειν.
857 1852 926 1915 ἔστι
947 1847 984 1914 δὲ
1003 1844 1162 1915 Ἰωνικόν.
1187 1852 1231 1915 Α.

205 1952 278 2014 759.
300 1945 461 2033 ἔκφερ’·
484 1946 575 2034 παρά
595 1947 775 2039 Ζηνοδότῳ
795 1945 946 2035 ἔκθορ’.
969 1952 1012 2018 Α.

205 2050 289 2138 [792.
320 2050 593 2136 ἐριδήσασθαι
613 2091 656 2103 —-
678 2053 716 2116 ἐν
741 2053 781 2117 δέ
797 2071 864 2119 τισι
885 2057 954 2119 τῶν
976 2047 1234 2136 ὑπομνημάτων

119 2155 282 2242 γράφεται
305 2151 590 2238 ἐριζήσασθαι.
614 2153 669 2240 7.]

206 2257 291 2345 [896.
329 2251 571 2341 Ἀριστοφάνης
602 2253 639 2320 δὲ
669 2251 759 2320 οὕτω
783 2252 906 2339 γράφει
938 2250 1148 2338 “ὁππότερός
1169 2276 1234 2318 κεν

118 2357 271 2445 πρόσθεν
300 2354 487 2440 ἐπιγράψας
515 2353 599 2438 χρόα
626 2352 731 2422 καλὸν
752 2354 850 2444 φθήη
873 2355 1097 2440 ἐπευξάμενος
1119 2350 1177 2420 διά
1198 2350 1231 2418 τ’

117 2466 212 2527 ἔντεα
233 2460 289 2524 καί
310 2453 421 2542 φόνον
442 2453 608 2539 ἀνδρῶν’.
631 2458 685 2548 7.]

202 2566 275 2628 854.
298 2549 343 2644 ἧς
367 2553 448 2641 ἄρ’·
472 2556 509 2620 ἐν
532 2551 621 2646 άλλφ
643 2548 689 2643 ἧς
711 2559 801 2644 γάρ·
821 2557 985 2644 γράφεται
999 2551 1123 2633 καλός
1139 2555 1230 2640 γάρ.

116 2660 190 2732 κατ’
214 2665 288 2728 ἐνια
310 2659 348 2726 δὲ
369 2660 497 2742 δῆσεν
516 2657 634 2724 πόδα.
657 2661 699 2724 Α.

168 2808 170 2811 ν
202 2769 274 2831 879.
298 2767 349 2827 71.
391 2760 429 2824 ἐν
458 2762 499 2846 τῇ
526 2763 790 2848 Μασσαλιωτικῇ
823 2757 1070 2844 <σπερχόμευος
1103 2757 1136 2823 δ’
1164 2752 1232 2843 άρα

117 2865 297 2952 Μηριόνης
318 2855 499 2945 ἐκεθήκατ’
523 2856 638 2927 ὀϊστόν
659 2859 773 2950 τόξφ.’
801 2861 839 2926 ἐν
859 2858 924 2944 γάρ
947 2865 1050 2926 πᾶσιν
1072 2862 1125 2943 ἐχε
1149 2855 1230 2948 (γάρ

98 2968 283 3049 χείρεσσιν
305 2965 380 3046 ἐχεν
402 2962 458 3046 V.)
481 2959 599 3046 πάλαι,
621 2957 666 3039 ύς
685 2968 837 3028 ίθυνεν.’
871 2963 909 3029 ἐν
931 2958 968 3026 δὲ
990 2965 1031 3048 τῇ
1050 2956 1134 3025 κατά
1153 2956 1232 3024 Ἀν-

118 3070 256 3149 τίμαχον
278 3062 400 3140 οὕτως·
424 3071 498 3127 (σιτ.
522 3058 552 3126 δ’
575 3058 606 3127 ά.
629 3068 679 3128 Μ.
704 3065 843 3141 ἐξείλετο
866 3061 964 3142 τόξον
986 3065 1110 3146 χερσίν.
1132 3061 1231 3149 (ἐξεί-

118 3182 202 3248 ρυσε
217 3161 371 3245 Τεύκρου
388 3158 499 3247 τόξον,
518 3165 610 3245 χερσὶ
626 3160 659 3229 δ’
677 3159 792 3230 ὀϊστόν
807 3167 882 3249 ἔχεν
897 3160 999 3250 πάλαι
1015 3157 1060 3240 ὡς
1076 3169 1230 3228 ίθυνεν.’

117 3268 175 3348 V.)
205 3261 222 3330 ὁ
247 3265 362 3349 μέντοι
384 3258 593 3346 Ἀρίσταρχος
615 3262 670 3330 διά
691 3271 760 3331 τῶν
782 3262 1034 3349 ὑπομνημάτων
1053 3262 1231 3346 ἐπειγόμε-

118 3391 181 3431 νον
210 3363 367 3450 βούλεται
395 3358 456 3426 τόν
483 3362 664 3448 Μηριόνην
696 3363 858 3432 ε’κσπάσαι
886 3370 945 3449 τῆς
976 3369 1039 3429 τοῦ
1074 3362 1230 3446 Τεύκρου

118 3462 228 3553 χειρὸς
259 3463 296 3530 τό
320 3460 428 3540 τόξον.
471 3463 526 3527 καί
547 3459 613 3549 γάρ
635 3464 754 3532 κοινόν
776 3472 845 3532 τῶν
868 3463 1123 3550 ἀγωνιζομένων
1145 3460 1228 3529 αὐτό

120 3563 216 3650 εἶναι,
237 3562 349 3647 ὥσπερ
371 3559 432 3627 τόν
453 3565 580 3629 δίσκον.
603 3567 645 3630 A.
689 3607 690 3610 =
725 3613 727 3618 ,
1251 3564 1254 3572 '

204 3670 275 3732 879.
310 3660 647 3750 ούτωςἈρίσταρχος
666 3663 721 3733 διά
742 3671 811 3733 τοῖν
831 3667 895 3733 δύο
917 3684 947 3733 σ.
981 3663 1062 3752 ἡδὲ
1085 3673 1229 3734 Μασσα-

118 3763 256 3851 λιωτικὴ
279 3763 442 3850 λιάσθη.
461 3769 504 3833 A.
529 3761 586 3854 [ὥς
609 3761 646 3831 ‘6
668 3768 706 3833 δὲ
720 3767 1011 3851 υόσφι··λιασθείς’
1032 3772 1078 3858 [Λ
1090 3772 1156 3856 89).
1173 3769 1226 3857 7.]
1313 3824 1316 3830 .

643 3945 689 4013 Ω.

207 4074 321 4136 6-19.
345 4076 599 4157 προηθετούυτο
621 4071 734 4135 δὲκαὶ
756 4067 846 4155 παρὰ
862 4065 1107 4156 Ἀριστοφάνει.
1128 4072 1171 4134 Α.

204 4172 245 4258 [7.
268 4174 305 4236 αί
323 4171 489 4255 δημιόδεις
511 4170 581 4237 καὶ
603 4169 869 4260 πάθενέργα.
892 4173 947 4260 7.]

96 4271 99 4276 ’
198 4275 248 4333 29.
272 4274 322 4334 21..
345 4267 454 4346 οὕτως
475 4273 616 4354 αἰγίδα
635 4274 838 4355 χρυσείην
853 4273 890 4336 αί
899 4266 1126 4355 Ἀριστάρχου.
1156 4269 1232 4372 περὶ
1254 4309 1258 4316 ·
