2866 4882
1144 342 1205 404 315

95 513 147 578 Of.
175 489 372 576 lex.'Bekk.
401 511 472 591 277,
494 512 513 572 5
544 509 638 574 Phot.
663 510 734 590 234,
760 514 797 572 17
821 507 912 576 Suid.
956 509 1064 574 Locus
1086 508 1206 575 Demo-

95 614 219 678 sthenis
243 619 351 676 exstat
368 612 403 674 in
424 633 470 676 or.
494 619 607 675 contra
621 609 762 674 Timoth.
783 615 813 692 ξ.
830 613 866 674 31
885 633 918 696 p.
936 613 1026 695 1193,
1042 615 1076 674 11
1095 611 1204 676 Bekk.

94 717 147 780 De
174 737 210 778 re
233 712 292 778 cfr.
316 711 423 797 Sillig.
447 713 542 778 catal.
566 712 653 777 artis.
681 735 713 798 p.
736 714 900 777 249-251
929 711 1064 778 Preller.
1088 714 1122 776 in
1144 713 1205 779 Po-

94 818 168 882 lem.
194 841 225 904 p.
250 817 300 878 36.
326 817 376 878 37.

179 959 209 1018 h.
252 952 355 1037 Harp.
382 952 452 1033 152,
476 952 516 1015 26
545 956 821 1034 περίστοιχοι.
854 950 1079 1033 Δημοσθένης
1101 947 1138 1013 έν
1159 954 1206 1036 τῷ

96 1051 180 1136 πρὸς
198 1052 432 1136 Νικόστρατον
453 1052 529 1135 περὶ
550 1057 618 1117 τῶν
631 1048 849 1136 Ἀρεθουσίου
871 1046 1096 1135 ἀνδραπόδων
1118 1059 1207 1133 *φυ-

96 1152 254 1238 τευτήρια
283 1155 391 1219 ἐλαῶν
419 1156 638 1236 περιστοίχων
668 1153 905 1219 κατέκλασαν’.
950 1155 1144 1234 Δίδυμος
1169 1151 1208 1216 δέ

96 1280 127 1322 τι
149 1258 246 1340 γένος
260 1256 382 1322 έλαιῶυ
404 1258 633 1338 περιστοίχους
649 1259 752 1338 καλεῖ,
768 1248 809 1331 άς
828 1251 1013 1337 Φιλόχορος
1032 1249 1207 1335 στοιχάδας

97 1357 361 1444 προσηγόρευσε.
377 1357 391 1443 Η
407 1353 533 1443 μήποτε
555 1361 625 1422 κτλ.

181 1461 329 1525 Pertinet
357 1462 399 1526 ad
423 1483 470 1525 or.
502 1462 533 1540 ξ.
559 1459 609 1522 15.
632 1497 675 1510 -
696 1457 790 1522 Phot.
814 1459 891 1540 423,
916 1459 954 1520 16
977 1454 1067 1520 Suid.
1088 1494 1131 1504 -
1153 1454 1204 1520 Of.

97 1561 282 1626 Philochor.
307 1562 346 1625 fr.
371 1564 411 1625 62
434 1560 582 1626 Mueller.

182 1705 200 1760 ε’.
222 1697 325 1781 Harp.
340 1701 389 1779 74,
403 1700 443 1760 27
457 1696 547 1760 Suid.
571 1695 734 1774 ἐξένιζε.
759 1694 983 1779 Δημοσθένης
1003 1691 1040 1757 ἐν
1061 1697 1099 1779 τη
1123 1689 1207 1776 πρδς

97 1792 313 1882 Εὐβουλίδην
336 1796 463 1880 ἐφέσει·
487 1797 744 1882 (διαβεβλήκασι
765 1795 828 1879 γάρ
844 1819 911 1879 μου
923 1791 983 1860 τόν
1001 1794 1136 1878 πατέρα,
1161 1791 1206 1872 ῶς

97 1898 244 1977 έξεύιζε’.
289 1895 415 1982 μήποτε
438 1893 513 1963 άντὶ
533 1904 595 1964 τού
618 1901 711 1977 ξένος
734 1889 791 1982 ἦν,
820 1899 875 1962 καί
898 1892 976 1980 οὐχ,
1005 1893 1050 1974 ῶς
1073 1899 1206 1964 Δίδυ-

97 1998 171 2083 μός
191 2017 306 2083 φησιν,
328 1994 401 2064 άντὶ
423 2005 485 2064 τοῦ
511 1995 574 2065 οὐκ
591 1995 744 2076 Ἀττικῶς
764 1997 940 2081 διελέγετο,
963 1992 1047 2064 άλλά
1068 2001 1206 2076 ξενικῶς

99 2101 219 2187 (ξένοις
241 2097 385 2185 ῥήμασιν
409 2102 575 2183 διελέγετο
604 2103 711 2166 Oram.
741 2100 878 2164 anecdd.
910 2100 973 2164 Ox.
996 2100 1031 2162 II
1064 2125 1095 2186 p.
1116 2101 1204 2186 290).

181 2203 277 2266 Dem.
303 2202 422 2267 Eubul.
447 2207 477 2284 ξ.
499 2204 548 2266 18.

182 2303 342 2389 Harpoer.
366 2308 422 2386 47,
447 2306 486 2368 20
517 2301 709 2389 γαμηλια·
744 2295 969 2384 Δημοσθένης
996 2301 1033 2364 έν
1053 2304 1099 2387 τῷ
1122 2297 1207 2380 πρὸς

98 2398 316 2488 Εὐβουλίδην
334 2403 445 2486 ἐφέσει
461 2404 514 2468 καὶ
528 2399 651 2482 Ἰσαῖος.
681 2405 748 2468 καὶ
769 2405 957 2485 Δίδυμος
979 2395 997 2466 ὁ
1018 2405 1123 2486 γραμ
1131 2427 1206 2487 μα-

99 2498 218 2579 τικδς
246 2503 283 2568 έν
310 2501 373 2586 μὲν
396 2515 464 2581 τοῖς
484 2500 604 2570 Ἰσαίου
626 2501 845 2589 ὑπομνήμασί
864 2520 969 2587 φησιν
992 2499 1076 2568 εἶναι
1099 2529 1206 2588 γαμη-

100 2608 175 2669 λίαν
196 2601 258 2687 τὴν
280 2615 350 2680 τοῖς
372 2602 561 2686 φράτορσιν
584 2609 635 2672 ἐπὶ
657 2605 776 2690 γάμοις
796 2607 997 2689 δεδομένην,
1021 2607 1206 2688 παρατιθέ-

98 2728 198 2788 μενος
222 2704 311 2783 λέξιν
336 2701 557 2791 Φανοδημου,
586 2708 622 2771 έν
651 2699 673 2796 ᾗ
702 2703 813 2773 οὐδέν’
833 2710 990 2772 τοιοῦτον
1013 2707 1203 2790 γέγραπται.

98 2806 141 2870 έν
165 2805 206 2870 δὲ
229 2816 316 2882 τοῖς
338 2808 397 2882 είς
419 2809 699 2893 Δημοσθένην
724 2802 742 2874 ὁ
765 2803 891 2884 αὐτὸς
919 2805 1020 2872 πάλιν
1040 2811 1205 2892 γαμηλίαν

99 2905 204 2989 φησὶν
232 2902 317 2978 εἶναι
342 2907 404 2989 τὴν
431 2911 476 2984 είς
495 2904 574 2986 τούς
591 2906 762 2992 φράτορας
783 2897 970 2993 είσαγωγὴν
992 2914 1061 2976 τῶν
1085 2934 1205 2994 γυναι-

99 3012 179 3091 κῶν,
203 3002 364 3092 οὐδεμίαν
387 3003 559 3087 ἀπόδειξιν
581 3013 638 3093 τῆς
659 3007 842 3094 ἐξηγήσεως
859 3013 1140 3096 παρατιθέμενος·

183 3111 239 3174 οι.
253 3114 348 3192 ςιο.
370 3111 453 3176 Lex.
469 3113 578 3176 Bekk.
593 3115 695 3194 ενοι
719 3116 789 3197 229,
804 3117 842 3176 12
866 3116 937 3196 233,
953 3117 990 3179 31
1012 3115 1103 3180 Suid.
1125 3115 1205 3181 Hes,

181 3254 211 3312 λι.
243 3247 402 3334 Harpoor.
428 3250 495 3330 163,
519 3251 559 3312 20
582 3249 768 3312 πυλῶσι·
798 3251 1022 3334 Δημοσθένης
1041 3248 1074 3316 δ’
1098 3252 1135 3318 έν
1161 3257 1208 3340 τῷ

98 3343 180 3413 κατά
201 3351 349 3432 Νεαίρας
374 3341 414 3432 (ἢ
437 3348 473 3413 έν
492 3352 532 3436 τῇ
554 3343 661 3435 άγορᾷ
681 3353 819 3415 πωλῶσί
834 3374 865 3415 τι
886 3345 1204 3436 άποπεφασμένως’.

98 3447 287 3535 Δίδυμός
319 3465 424 3533 φησιν
456 3445 529 3514 άντὶ
563 3455 625 3515 τοῦ
653 3449 845 3535 πορνεύῶσι
875 3457 1046 3536 φανερῶς·
1080 3460 1205 3521 πωλεῖν

98 3544 161 3634 γάρ
183 3546 217 3616 τὸ
244 3553 400 3634 παρέχειν
423 3547 546 3636 ἑαυτὴν
561 3563 629 3628 τοῖς
643 3551 871 3638 βουλομένοις,
895 3549 980 3619 ὅθεν
996 3553 1049 3618 καὶ
1066 3553 1103 3621 τό
1120 3579 1205 3638 πορ-

97 3648 227 3735 νεύειν,
251 3647 334 3735 ὅπερ
356 3651 424 3717 ἐστὶ
444 3650 618 3737 περνάναι.
635 3655 649 3739 λλ
665 3649 729 3736 έγῶ
751 3655 791 3718 δέ
810 3678 895 3738 φημι
918 3660 986 3719 κτλ.
1033 3654 1085 3718 Cf.
1106 3656 1203 3726 Dem.

97 3775 124 3817 ο.
147 3753 265 3818 Neaer.
289 3758 320 3836 §-
343 3760 394 3819 67.
416 3794 458 3802 -
480 3757 605 3821 Eadem
624 3764 754 3820 exstant
775 3779 827 3843 ap.
851 3757 943 3822 Phot.
962 3760 1033 3839 478,
1050 3759 1088 3819 21
1112 3757 1203 3821 Suid.

97 3876 122 3917 s.
141 3878 173 3920 v.
198 3858 358 3920 πωλοῦσι.

589 4030 650 4110 25.

180 4157 340 4245 Harpocr.
354 4162 405 4241 53,
419 4162 459 4222 25
478 4162 666 4245 Δίδυμος
685 4156 702 4226 ὁ
723 4158 1008 4246 γραμματικὸς
1028 4159 1103 4243 περὶ
1123 4155 1204 4223 τού-

54 4292 56 4296 ·
95 4281 156 4328 του
187 4263 319 4348 βιβλίου
349 4257 480 4346 γράψας
510 4264 631 4346 φησίν,
660 4256 711 4327 ὅτι
739 4260 777 4327 τό
801 4263 1056 4326 δεκατεῦσαι
1078 4263 1204 4342 Λυσίας
