2894 4890
683 353 870 428 ...g—

223 514 447 604 ὑπομνήματι.
477 518 570 582 Idem
592 517 761 583 Nauckius
780 521 1034 606 Aristophanem
1058 523 1229 608 scripsisse
1250 533 1344 610 putat

224 624 309 708 μηδέ
327 661 368 670 -—
390 615 642 704 άμφικάλυψον.
687 621 772 685 Num
794 617 1180 707 ἠδέ-άμφικαλόψαιῗ

306 745 377 806 190.
418 734 531 823 όφροι
562 765 632 823 μιν
663 735 809 805 αὐτόν’.
841 736 1082 826 Ἀριστοφάνης
1110 739 1227 832 αὐτῷ
1254 744 1340 829 χρά-

224 868 281 930 φει
303 843 358 908 καὶ
379 839 416 908 τό
441 845 512 925 μίν
543 841 597 907 ἐπὶ
625 846 684 926 τῆς
710 839 841 926 Ἰθάκης
873 849 1018 927 τίθησιν.
1053 844 1147 911 Harl.
1193 846 1340 933 Egregie

222 946 471 1033 Aristophanes,

307 1052 380 1113 230.
402 1042 591 1129 Ζηνόδοτος
614 1049 828 1112 τίσασθαι.
849 1047 893 1110 Η.

174 1175 183 1190 .
308 1155 380 1215 274.
410 1147 605 1234 ἐφέσσαι·
633 1143 804 1232 ἡῬιαυοῦ
836 1141 1092 1231 άποφάσσαι,
1128 1144 1334 1234 ἀποπέμψαι.

222 1254 316 1319 Harl.
346 1253 421 1317 Non
440 1249 606 1336 intellego.
700 1253 711 1260 “
1077 1317 1084 1332 ,

308 1371 455 1437 320-23
469 1369 510 1450 Q.
537 1370 635 1435 Vind.
657 1372 727 1433 133.
748 1368 853 1452 Harl,
869 1370 1014 1432 333-38
1032 1368 1073 1448 Q.
1096 1371 1270 1435 manifeste
1295 1395 1337 1437 ex

221 1475 410 1540 Aristonico
432 1473 543 1558 petita.
588 1471 681 1536 Idem
703 1471 791 1535 valet
813 1471 853 1534 de
876 1472 1041 1534 398-401
1070 1471 1113 1535 Η.

307 1594 380 1655 332.
422 1586 575 1672 ἐπητης
597 1588 698 1653 ἐσσί·
732 1588 832 1672 χωρὶς
854 1591 916 1653 τοῦ
946 1591 995 1652 τέ.
1033 1588 1136 1675 τῇδὲ
1164 1592 1336 1677 προσῳδίᾳ

222 1689 330 1770 ἀεικές
352 1693 460 1778 (cor1·.,'
484 1691 553 1758 cod.
575 1729 618 1739 -
631 1689 705 1775 κης)
729 1706 834 1774 φησιν
852 1684 1072 1775 Ἀρίσταρχος.
1094 1691 1137 1756 Η.
1178 1691 1334 1756 Fortasse

222 1795 357 1860 Seleuco
377 1794 459 1858 hacc
480 1794 577 1857 debet
596 1793 771 1879 Didymus.

306 1913 378 1976 358.
409 1907 662 1995 διδώσομεν·
697 1906 930 1996 παράσχωμεν.
952 1904 1017 1975 clud
1046 1916 1108 1998 τοῦ
1130 1914 1214 1978 διδῶ
1236 1934 1334 1998 περι-

221 2013 411 2099 σπωμένου.
435 2014 665 2098 δυσχεραίνων
680 2009 717 2078 δὲ
739 2006 1014 2097 δἈριστοφάυης
1035 2009 1072 2078 τὸ
1095 2010 1334 2098 διδώσομεν

221 2113 344 2201 γράφει
357 2114 601 2200 παρέξομεν.
623 2114 679 2180 καὶ
690 2109 727 2179 τό
741 2114 779 2178 ἐν
787 2109 899 2180 Ἰλιάδι
918 2114 1049 2180 διδόναι
1067 2116 1253 2203 (διδοῦναι)
1266 2138 1334 2181 πα-

220 2219 383 2300 ρέκυπτεν
406 2217 467 2305 (sic
485 2216 607 2281 Buttm.
626 2242 658 2305 p.
671 2219 743 2299 433,
767 2217 838 2282 cod.
856 2217 1085 2304 προέκοπτες).
1109 2216 1150 2297 Q.
1164 2216 1206 2280 H.
1230 2216 1331 2281 Vind.

221 2322 291 2383 133.
330 2317 521 2402 Παρέξομεν
549 2318 722 2382 lectionem
751 2317 792 2382 ab
817 2317 1038 2406 Aristophane
1066 2320 1101 2382 in
1128 2327 1255 2383 textum
1284 2341 1333 2383 re-

219 2428 347 2506 ceptam
368 2419 469 2485 fuissc
491 2428 527 2485 ut
549 2419 680 2484 credam
701 2427 799 2504 aegre
821 2420 902 2483 mihi
923 2421 1100 2508 imperabo.
1124 2422 1191 2485 Aut
1207 2416 1332 2504 γράφει

218 2523 253 2584 in
275 2515 392 2587 dumiso
414 2521 604 2587 mutandum
626 2531 691 2604 est,
718 2528 774 2584 aut
795 2529 868 2608 post
889 2519 1014 2606 γράφει
1036 2522 1160 2587 excidit
1181 2520 1332 2587 dedoioo-

217 2647 298 2708 μευ,
328 2624 415 2710 quod
435 2647 452 2688 e
470 2622 637 2687 Macrobio
661 2624 805 2687 excussit
826 2621 955 2687 Nauck.
979 2649 1011 2712 p.
1034 2626 1129 2687 5811.
1154 2627 1204 2688 81.
1248 2624 1333 2689 Cum

103 2803 107 2810 .
218 2728 376 2791 διδοῠυαι
397 2748 457 2813 pro
479 2723 612 2790 διδόναι
636 2724 696 2790 cfr.
714 2725 857 2790 διδείναι
879 2749 938 2812 pro
962 2726 1109 2809 διδέναι,
1132 2726 1219 2812 quod
1236 2725 1334 2791 fluxit

217 2852 237 2892 a
259 2830 389 2912 δίδημι,
412 2825 582 2911 δεσμεάω,
606 2825 683 2897 δέω.
701 2864 743 2874 -
766 2825 919 2891 Ceterum
938 2827 1128 2912 videndum,
1148 2851 1227 2893 num
1251 2829 1333 2893 ferri
1430 2831 1433 2836 ’

216 2933 320 3016 possit
335 2923 477 3012 χαίρετ’·
509 2922 592 3007 άτάρ
615 2925 671 2992 κοιλ
693 2923 775 3012 δῶρ’
800 2921 875 3004 άλις
895 2934 1049 3013 οίσομευ,
1076 2923 1122 3007 ὡς
1141 2926 1178 2993 τὸ
1201 2922 1341 3011 πάροσ-’

217 3053 298 3114 περ,
334 3040 366 3094 et
391 3029 541 3094 similiter
569 3029 602 3092 in
633 3051 659 3092 ω
685 3032 746 3093 314
774 3023 830 3112 ηδ’
863 3024 970 3112 άχλαά
1001 3024 1084 3112 δώρ’
1115 3024 1188 3108 άλις
1210 3036 1329 3116 οίσειν,

216 3125 355 3195 nisidio
377 3153 436 3217 pro
458 3125 530 3206 ἅλις
553 3130 682 3194 admitti
703 3130 853 3217 potest¹).

756 3301 783 3377 ξ.

302 3435 331 3496 8.
365 3427 556 3515 Ζηνόδοτος
581 3433 749 3516 δείματο
772 3428 870 3519 οἷος.
892 3435 986 3498 Harl.
1006 3435 1185 3500 Duentuar.
1208 3460 1239 3523 p.
1261 3439 1329 3500 121.

300 3537 351 3600 22.
379 3527 598 3599 ὑπωπτεύετο
617 3528 708 3618 παρά
730 3533 919 3622 Ζηνοδότηι.

379 3655 630 3736 Καλλίστρατος
650 3646 829 3721 ὑπώπτευε
847 3650 908 3718 τὸν
938 3656 1050 3736 στίχον
1078 3649 1134 3720 διά
1163 3650 1226 3738 τὴν
1254 3654 1330 3732 ἐξα-

215 3755 377 3838 ρίθμησιν
396 3757 465 3817 των
487 3757 602 3819 κυνών
624 3752 680 3822 καί
702 3747 739 3818 τδ
764 3753 932 3820 ἐπίθετον.
956 3754 1051 3820 Harl.

284 3961 310 4027 1)
327 3965 358 4010 ut
374 3968 417 4011 sat
433 3959 494 4010 fluit
511 3976 527 4011 e
543 3963 620 4020 satim
640 3960 676 4012 cf.
695 3951 824 4025 πολλάκι,
842 3951 968 4022 τουτάκι,
988 3950 1097 4028 ἕπτάκι,
1115 3954 1231 4027 άτρέμα,
1251 3955 1329 4010 άντι-

214 4038 277 4113 κρό,
296 4041 365 4112 μάσι
386 4046 431 4112 (=
442 4047 539 4113 magis,
558 4047 658 4113 mags).
695 4047 735 4097 Ac
752 4047 876 4112 prolecto
895 4063 944 4112 pro
961 4046 1047 4112 χωρίς
1065 4049 1125 4114 quis
1140 4054 1263 4098 nostrum
1283 4065 1330 4098 au-

213 4134 289 4183 deret
310 4130 380 4198 χώρι
406 4133 560 4196 admittere,
587 4133 641 4182 nisi
664 4133 761 4184 Graeci
786 4134 840 4199 ipsi
864 4135 924 4184 ausi
951 4140 1052 4185 essent.
1086 4135 1212 4200 Apollon.
1236 4136 1328 4186 Bekk.

212 4218 325 4269 anecdd.
346 4219 375 4268 II
397 4236 424 4284 p.
444 4221 510 4281 573,
529 4220 555 4271 3.
592 4219 670 4269 Aliae
693 4221 768 4270 vocis
791 4209 853 4279 άλις
878 4221 980 4271 formae
999 4225 1063 4271 sunt
1079 4210 1175 4284 άλιας,
1200 4211 1328 4282 άλιδίως,

211 4293 309 4364 άλιθα,
328 4294 427 4372 ἤλιθα,
449 4318 519 4368 quac
538 4315 554 4352 σ
571 4303 651 4354 litera
670 4309 772 4354 carent.
