2812 4868
1145 329 1186 392 49

75 494 159 559 alius
187 493 329 558 auctoris
358 501 434 557 sunt
460 491 563 558 verba
584 489 880 576 πραγματεύεσθαι
899 535 943 546 -
964 497 1103 560 δεῖπνον
1122 518 1188 560 τια-

75 603 244 679 ραθεῐναι,
266 593 350 660 alius
372 594 525 678 σημαίνει
547 632 589 644 -1
612 598 788 680 φλυαρῶν.
833 596 1063 678 Quaerendum
1087 597 1188 681 igitur

77 705 135 779 est,
155 696 266 784 priora
288 695 394 758 sintne
414 693 456 762 ab
476 717 542 761 uno
561 705 693 764 anctore
713 696 862 782 profecta
883 720 925 762 an
947 719 1023 762 non.
1060 697 1101 761 In
1123 719 1187 784 quo

73 799 214 885 primum
226 795 288 861 hoc
300 795 400 861 velim
418 796 671 880 animadvertas,
689 797 777 884 quod
788 819 871 886 qnae
882 800 971 887 apud
985 798 1188 886 Hesychium

76 907 184 964 exstat
221 899 320 962 tertia
356 897 451 963 verbi
482 919 624 985 persona
660 896 806 976 τενασὶζει
838 908 949 986 aperte
981 901 1187 966 Pherecratio

74 999 191 1064 comici
215 1007 331 1084 poetae
357 998 463 1064 locum
492 998 647 1065 aPhotio
676 1003 853 1066 excitatum
875 1003 1033 1085 intuetur,
1052 1011 1104 1083 ut,
1122 1002 1187 1066 cui·

74 1102 127 1166 cui
160 1101 285 1165 auctori
314 1098 502 1186 Hesychius
528 1122 588 1165 sua
616 1101 730 1184 debet,
762 1102 814 1166 hio
848 1111 960 1188 aperte
987 1101 1029 1166 ad
1056 1123 1187 1166 versum

73 1202 165 1266 illum
182 1201 389 1266 Pherecratio
412 1222 502 1266 suam
527 1193 777 1290 explicationem
800 1214 930 1290 aptasse
955 1212 988 1270 et
1008 1223 1187 1268 accommo·
1310 1273 1311 1276 Ἴ

75 1304 171 1368 desse
199 1303 360 1369 videatur.
410 1301 507 1368 Hunc
522 1303 635 1386 'igitur
662 1304 733 1389 ipso
752 1304 869 1371 Photio
890 1313 1022 1370 anctore
1044 1324 1187 1389 agnosco

74 1403 272 1491 Didymum,
300 1426 320 1470 a
343 1403 514 1491 Pamphilo
544 1405 615 1472 sive
637 1404 845 1490 Diogeniano
867 1429 941 1472 cum
963 1407 1036 1472 eliis
1056 1406 1091 1472 in
1113 1427 1188 1471 con·

75 1505 182 1571 dendo
203 1503 402 1592 amplissimo
425 1504 482 1570 illo
504 1505 610 1571 lexico
629 1505 821 1572 adhibitum.
857 1508 908 1573 Ao
929 1507 1095 1593 Didymus
1118 1508 1187 1594 qui·

75 1607 149 1672 dem
171 1606 259 1673 idem
275 1605 525 1693 Lycophronem
544 1609 848 1672 commemoratione
870 1607 1004 1693 dignum
1027 1629 1098 1672 esse
1113 1629 1187 1672 cen-

74 1710 156 1791 suit,
187 1708 275 1772 idem
296 1708 555 1791 Artemidorum,
591 1711 683 1789 cuius
712 1711 901 1775 inemoriam
922 1709 1093 1774 clariorem
1114 1710 1186 1774 red-

76 1809 160 1874 didit
188 1807 338 1876 Rankins
368 1809 409 1874 ds
431 1809 575 1896 Hesych.
602 1833 634 1897 p.
661 1814 719 1876 103
742 1833 813 1898 sqq.
844 1814 915 1876 105.
958 1809 1043 1874 Nam
1065 1808 1107 1873 de
1127 1829 1186 1874 suo

76 1931 150 1974 eum
171 1911 302 1984 tertiam
322 1911 490 1976 addidisse
511 1910 605 1976 verbi
626 1909 795 1990 τευτάζειν
813 1911 993 1993 notionem,
1013 1905 1064 1974 ὅτι
1079 1909 1186 1974 ἐνίοτε

76 2013 230 2094 σημαίνει
252 2008 308 2076 καὶ
329 2007 367 2076 τὸ
390 2014 591 2098 φροντίζειν,
613 2014 785 2101 quominus
807 2013 977 2078 credamus
1000 2010 1109 2076 obstat
1131 2032 1186 2076 vo-

76 2112 185 2178 cabuli
207 2113 369 2195 ττρόσθείς
395 2136 474 2179 usus
502 2113 802 2200 frequentissimus3
823 2151 867 2164 -
888 2122 998 2178 tamen
1015 2112 1104 2198 quod
1124 2111 1186 2176 Ar-

75 2213 226 2279 temidori
247 2235 366 2279 nomen
386 2215 549 2280 adiectum
571 2215 734 2302 hodieque
756 2215 844 2302 apud
862 2214 1014 2280 Photium
1036 2213 1185 2297 legimus,

75 2314 108 2380 id
138 2313 319 2400 Pamphili,
350 2337 446 2403 quem
476 2316 702 2401 Diogenianus
729 2316 922 2401 exscripsit,
949 2315 1100 2399 religioni
1126 2335 1186 2380 nos

76 2415 196 2481 debere
210 2466 213 2473 .
227 2437 419 2502 persuasum
457 2416 579 2498 habeo,
617 2418 660 2483 ad
693 2439 790 2506 quem
817 2416 1030 2484 Heracleonis
1059 2435 1186 2503 quoque

75 2517 212 2604 Ephesii
233 2518 430 2581 mentionem
451 2517 657 2584 referendam
680 2542 751 2585 esso
773 2517 943 2606 probabile
964 2517 1045 2582 facit
1064 2516 1187 2582 Rankii

77 2619 234 2683 iudicium
255 2639 332 2682 sane
353 2617 574 2684 firmissimum
599 2621 654 2707 (de
668 2620 812 2709 Hesych.
835 2642 868 2708 p.
888 2622 945 2684 111
963 2618 1039 2704 sq.).
1069 2617 1186 2703 Super·

78 2727 153 2782 sunt
174 2725 284 2783 tamen
304 2719 481 2803 nonnulla,
504 2741 587 2808 quae
610 2743 682 2787 cum
705 2723 740 2787 in
761 2721 869 2787 Photii
890 2728 988 2807 atque
1010 2718 1187 2806 etymologi
1210 2799 1218 2808 ι

76 2817 156 2884 locis
187 2828 257 2892 tum
289 2821 323 2884 in
352 2821 519 2908 Hesychio
552 2823 637 2888 male
668 2846 719 2888 me
751 2822 904 2888 habeant.
954 2821 1102 2908 Namque
1129 2818 1186 2884 ubi

75 2923 214 3007 primum
226 2920 386 3008 Hesychii
403 2920 505 2986 verba
526 2923 639 3010 relegi,
661 2924 882 3012 maximopere
903 2944 955 2986 me
977 2922 1113 2988 offendit
1132 2944 1186 2987 vo·

76 3022 228 3087 oabulum
255 3016 410 3107 ἡσυχάζει
437 3023 522 3088 inter
549 3025 777 3112 Lycophronis
805 3024 1040 3110 explicationes
1069 3025 1186 3110 impor-

76 3135 152 3188 tune
170 3125 385 3208 interiectum,
408 3146 472 3212 quo
494 3125 594 3191 lexioi
613 3127 768 3192 rhetorici
783 3134 947 3192 auctorem
968 3148 1000 3190 v.
1018 3121 1186 3204 τεντάζειν

76 3226 322 3312 interpretamm
345 3248 417 3292 esse
440 3227 647 3311 coniecimus,
668 3237 706 3293 ut
724 3227 755 3292 h.
772 3229 794 3294 l.
816 3228 852 3294 vi
869 3225 1098 3314 expellendum
1114 3249 1186 3290 esse

76 3328 237 3393 videatur.
282 3325 348 3392 Sed
375 3329 530 3392 attentius
558 3330 743 3416 inspicienti
773 3329 925 3395 Photium
952 3337 1049 3414 atque
1072 3322 1094 3410 ἦ
1114 3348 1186 3412 par-

76 3430 210 3496 ticulam
231 3430 463 3495 disiunctivam
483 3431 756 3498 animadvertenti
777 3429 839 3494 hoo
860 3431 894 3494 in
915 3437 1057 3492 mentem
1076 3428 1188 3492 veniat

76 3555 211 3598 necesse
233 3541 297 3614 est,
320 3531 546 3618 Lycophronis
568 3533 649 3596 haec
668 3540 795 3597 tantum
824 3529 927 3596 verba
945 3537 1025 3594 'esse
1063 3544 1187 3611 στραγ-

77 3631 241 3717 γεύισθαι
267 3631 322 3698 καί
354 3627 447 3698 πολε)
474 3633 660 3718 διατρίβειν
688 3632 725 3696 ἐν
752 3635 799 3721 τῷ
825 3625 926 3720 αὐτῷ.
972 3630 1069 3711 Quod
1091 3632 1120 3694 si
1140 3631 1187 3694 ita

77 3744 134 3818 est,
158 3734 335 3822 Didymus·
349 3735 579 3820 praecedentia
606 3734 709 3800 verba
730 3742 786 3800 aut
808 3733 940 3797 omnino
961 3753 1027 3798 non
1047 3732 1187 3818 scripsit,

76 3847 131 3902 aut
165 3838 195 3901 si
230 3835 376 3924 scripsit,
420 3836 508 3923 quod
534 3838 576 3903 ad
600 3836 800 3902 credendum
828 3835 1007 3922 proclivem
1038 3855 1089 3898 me
1116 3853 1188 3898 esse

79 3938 201 4020 fateor,
252 3937 386 4002 aliunde
426 3939 594 4026 apposuit,
645 3937 785 4001 fortasse
824 3935 1051 4002 Eratosthenis
1089 3933 1194 4018 copiis⁴

77 4060 170 4122 usus,
200 4039 244 4103 ad
273 4061 354 4126 quas
380 4061 422 4104 ne
442 4039 541 4106 lexici
564 4038 695 4125 quidem
716 4037 872 4103 rhetorici
900 4037 1060 4104 conditori
1082 4033 1189 4097 aditus

78 4140 267 4224 praeclusus
290 4149 387 4206 esset.
433 4140 574 4206 Tantum
602 4141 642 4204 de
663 4139 842 4227 Hesychio.
886 4138 996 4204 Photii
1018 4133 1189 4220 explorare

78 4239 190 4323 fontes,
213 4249 250 4306 ut
270 4242 391 4310 abhoc
413 4241 484 4310 loco
502 4265 538 4308 re
558 4242 675 4324 aliena,
698 4240 905 4327 supersedeo,
927 4237 1071 4302 insiticia
1081 4243 1190 4300 tamen

125 4366 284 4408 orossius.
963 4338 984 4397 4
1054 4351 1060 4365 “
