2866 4882
1145 359 1207 422 357

95 541 177 594 νοις
214 517 380 598 ἱστορεῖ
404 512 643 602 Ἀνδραίμονος
680 513 787 602 αὐτὴν
819 518 944 601 λέγων,
988 522 1089 588 schol.
1123 525 1204 591 Eur.

95 618 300 684 Med.·1384
338 620 436 705 (1377
470 619 601 705 Matth.)
640 616 812 703 Νεόφρων
843 619 879 684 δὲ
907 618 1205 697 ξενικώτατον·

95 715 315 805 ιἰγχόνηγδιρ
343 724 537 803 τελευτῆσαι
573 715 744 807 (Ἰάσονα),
790 722 890 788 schol.
920 723 1000 788 Eur.
1033 725 1132 791 Rhes.
1166 732 1206 795 36

95 847 127 909 p.
152 824 190 885 34
222 821 375 908 Kampm.
406 820 566 899 Μνασέας
591 817 628 886 δδ
658 819 938 908 ξενικώτερον
965 817 1142 908 ἄφηγείται
1168 828 1208 894 τὰ

97 923 173 1005 περὶ
194 918 255 988 τὸν
277 925 384 988 Πᾶνα.
429 922 651 1008 Ptolemaeus,
681 925 775 989 Arist
762 925 862 989 tonici
881 929 1086 1010 grammatici
1105 939 1162 1015 pat
1163 954 1207 1014 er,

97 1024 247 1088 Eudocia
265 1022 352 1089 Viol.
371 1045 425 1109 p.
418 1025 479 1089 360
499 1033 531 1087 et
550 1025 652 1090 Surda
663 1026 737 1091 Vol
751 1025 833 1111 IIp.
847 1027 909 1090 526
924 1027 1063 1094 testibus
1078 1033 1210 1120 scripsit

97 1119 137 1189 τὰ
162 1119 253 1207 παρὰ
281 1128 326 1211 τῷ
352 1127 473 1210 ποιητῇ
503 1126 682 1212 (maelmin
706 1122 796 1209 παρὰ
819 1129 887 1191 τοῖν
910 1133 1060 1210 ποιητῶν
1081 1131 1206 1199 Eudoc.

96 1224 135 1288 B.
144 1225 242 1308 Em.)
265 1223 366 1302 ξένοις
390 1227 436 1314 (h.
449 1250 481 1291 v.
501 1227 665 1293 maleom.
681 1228 856 1293 Westerm.
874 1227 981 1313 biogr.
998 1231 1056 1296 Gr.
1079 1257 1112 1320 p.
1129 1236 1205 1321 275)

98 1321 397 1410 ἱστορούμενα.7“
367 1327 472 1410 μένης
493 1328 548 1392 aid
572 1325 764 1409 παραδόξου
787 1330 880 1393 iuxta
900 1331 992 1415 ponit
1007 1332 1108 1398 schol.
1126 1335 1207 1399 Eur.

96 1426 219 1491 Phoeu.
247 1430 327 1493 11119
348 1428 414 1492 vol.
431 1429 463 1494 V
483 1452 515 1516 p.
539 1432 600 1494 218
623 1429 739 1494 Matth.
782 1428 853 1511 Est,
871 1428 929 1493 ubi
951 1428 1039 1519 idem
1061 1433 1130 1498 lere
1151 1457 1206 1498 va-

97 1527 162 1591 leat
185 1528 299 1604 ίδιιιῶς
321 1529 477 1615 ἱστορεῖν,
505 1530 548 1595 cf.
576 1529 678 1596 schol.
703 1530 783 1595 Eur.
802 1528 960 1594 Androm.
985 1534 1024 1595 24
1048 1535 1123 1599 Tro.
1145 1539 1207 1599 450

13 1647 15 1662 ·
98 1628 221 1693 Phoen.
253 1632 332 1693 1116
360 1631 447 1719 Vp.
468 1634 528 1696 235
554 1640 587 1697 et
614 1627 703 1713 παρὰ
727 1624 789 1713 τὴν
819 1629 970 1710 ἱστορίαν
997 1656 1025 1697 e.
1048 1657 1080 1718 g.
1106 1635 1206 1701 schol.

49 1773 53 1780 .
97 1729 176 1794 Eur.
206 1730 281 1796 Tro.
318 1734 377 1794 391
412 1731 511 1799 Rhes.
542 1735 603 1795 504
636 1733 795 1796 Androm.
828 1731 898 1794 1118.
930 1732 1002 1795 224.
1032 1738 1105 1800 1107.
1158 1737 1211 1801 Αο

97 1832 214 1913 tragici
235 1840 351 1918 poetae
373 1834 541 1898 Graeci
515 1857 543 1898 s1
566 1857 649 1920 quae
679 1831 769 1915 παρὰ
789 1855 851 1915 την
873 1832 1022 1918 ἱστορίαν
1044 1825 1208 1920 dixerunt,

98 1954 136 1996 ea
161 1934 339 2017 castigasse
368 1935 498 2000 videtur
515 1935 766 2022 Dionysodorus
791 1933 828 1998 ἐν
855 1938 902 2022 τῷ
930 1934 1095 2019 περὶτῶν
1118 1935 1208 2024 παρὰ

97 2044 166 2110 τοῖς
187 2029 406 2122 τραγῳδοῖς
390 2036 647 2120 ημαρτημένων,
669 2037 713 2100 ο1.
737 2035 836 2100 schol.
858 2031 959 2100 Rhea.
981 2040 1040 2101 504
1064 2039 1144 2104 Oob.
1178 2041 1207 2104 E

96 2136 259 2200 contrario
281 2137 403 2200 famam
424 2137 593 2222 vulgarem
616 2138 671 2222 qui
690 2145 903 2223 sequerentur
924 2136 1116 2202 dicebantur
1141 2135 1207 2204 ἀπὸ

48 2223 49 2226 “
97 2236 243 2318 ἱστορίας
257 2235 513 2326 tripedaneas.
528 2237 627 2301 schol.
640 2237 799 2302 Androm.
816 2241 853 2300 18
864 2262 895 2324 p.
910 2241 949 2301 32
959 2237 1118 2302 Witzsch.
1132 2239 1206 2303 coll.

70 2340 155 2419 ¹'103
183 2336 259 2423 ξένη
275 2339 403 2425 ἱστορίᾳ
423 2362 466 2404 ex
485 2341 626 2404 adversa
646 2347 738 2424 parte
761 2348 826 2402 stat
847 2334 868 2422 ἡ
891 2334 947 2403 διὰ
969 2334 1132 2419 στόματος
1153 2338 1207 2404 καὶ

99 2435 254 2522 δημώδης
275 2440 413 2521 ἱστορία.
442 2441 528 2504 Plut.
553 2438 618 2504 Sol.
642 2461 670 2503 c.
695 2441 713 2502 8
737 2439 867 2503 Aelian.
890 2438 956 2502 Vs
979 2438 1087 2503 11145
1108 2438 1208 2504 schol.

100 2539 178 2604 Eur.
201 2539 274 2605 Al'c.
301 2545 315 2603 1
341 2563 373 2626 p.
396 2543 436 2603 25
459 2539 652 2605 Witaschel.

134 2643 135 2646 ’
185 2640 327 2726 Collegit
344 2643 455 2725 igitur
479 2640 643 2726 Didymus
669 2640 869 2704 Graecorum
895 2627 1025 2705 fabulas
1054 2639 1210 2705 obscuras

98 2740 265 2805 abstrusas
288 2744 530 2825 reconditasve,
562 2740 674 2828 quales
701 2743 833 2827 quidem
861 2750 893 2807 et
913 2751 1029 2829 poetae
1052 2749 1083 2806 et
1104 2763 1209 2825 gram·

99 2845 209 2908 matici
228 2842 448 2908 Alexandrini
469 2843 611 2908 venandi
635 2853 727 2907 erant
749 2844 994 2927 studiosissimi,
1018 2851 1053 2907 ut
1074 2864 1210 2929 operosa

98 2946 161 3008 ista
182 2945 331 3010 doctrina
349 2968 414 3010 non
436 2947 532 3011 modo
556 2947 619 3032 ipsi
643 2968 714 3010 sese
734 2947 908 3029 iactarem,
939 2943 997 3008 sed
1019 2943 1210 3030 aequalibus

100 3048 197 3110 etiam
223 3048 429 3133 posterisque
456 3045 688 3132 interpretibus
721 3048 814 3133 quasi
841 3049 1027 3133 aenigmata
1053 3044 1211 3110 solvenda

99 3147 326 3233 proponerent.
384 3149 434 3211 Ac
469 3148 615 3234 profecto
646 3147 783 3211 arduum
812 3148 1011 3235 plenumque
1044 3147 1211 3233 spinarum

100 3269 181 3334 opus
196 3248 480 3334 aggrediebantur,
493 3250 606 3336 quiqui
620 3249 861 3314 reconditarum
872 3248 1082 3312 historiarum
1092 3248 1213 3311 rimare

100 3371 248 3414 recessus
266 3350 470 3436 feliciterque
489 3350 717 3437 respondendo
733 3350 775 3414 ad
790 3349 1028 3414 conclamatum
1042 3345 1125 3411 illud
1144 3348 1212 3409 ποῦ

47 3439 50 3444 ’
101 3451 222 3528 κείναις
242 3473 278 3514 se
299 3449 524 3535 accingebant.
548 3450 725 3516 Multarum
747 3451 914 3515 literarum
934 3449 1040 3539 laude,
1060 3447 1141 3511 talia
1156 3449 1211 3533 qui

101 3551 285 3634 moliretur,
317 3551 493 3616 excelleret
519 3572 654 3616 necesse
681 3562 760 3616 erat.
805 3551 919 3636 Neque
944 3570 1023 3612 vero
1047 3547 1212 3633 Didymus

102 3654 136 3716 in
164 3651 342 3737 colligendi
370 3675 469 3739 opera
498 3652 567 3717 sola
589 3653 794 3737 acquievisse
815 3651 960 3730 videtur,
992 3648 1051 3712 sed
1073 3648 1212 3711 fortasse

102 3763 157 3818 aut
174 3755 361 3819 universam
377 3754 545 3817 historiam
562 3751 753 3836 fabularem,
774 3762 809 3817 ut
823 3750 984 3843 Lobeckii
999 3751 1034 3814 in
1048 3747 1212 3832 Aglaoph.

102 3854 269 3919 1199411.
295 3855 406 3920 verbis
428 3865 510 3938 utar,
533 3861 576 3920 od
595 3860 736 3918 ἱιίεὶονὶοε
753 3860 974 3919 similitudinem
993 3856 1138 3925 traduxit,
1158 3856 1214 3912 aut

104 3980 146 4022 ex
168 3958 332 4042 indigesta
353 3966 501 4020 veterum
521 3956 707 4020 fabularum
731 3956 897 4039 farragine
916 3975 970 4017 eas
992 3961 1118 4016 tantum
1138 3970 1213 4012 con·

102 4059 222 4142 gessit,
251 4080 335 4144 quae
355 4059 575 4145 pragmaticae
597 4057 661 4139 isti,
685 4077 781 4144 quam
804 4063 932 4135 vocant,
955 4051 1213 4136 interpretationi

102 4181 182 4244 prae
203 4161 321 4224 ceteris
340 4157 584 4244 responderent.

188 4260 278 4329 Hinc
309 4283 376 4331 non
403 4261 511 4350 inepte
546 4257 767 4349 explicabis
758 4239 936 4346 insignem,
971 4275 1034 4345 quo
1064 4260 1097 4317 et
1121 4251 1215 4360 Lysi-
