2866 4882
237 373 299 436 336

238 533 323 604 ἄλλα
351 539 489 600 πλεῖστα
518 532 574 599 καὶ
598 529 728 618 ἄριστα.
775 534 914 622 Scripsit
936 537 1037 622 igitur
1060 548 1173 603 noster
1196 541 1274 623 περὶ
1297 533 1358 622 ὀρ-

235 641 438 723 θογραφίας.

320 738 431 804 Habet
461 737 591 825 quidem
622 738 720 801 etiam
748 737 845 803 lectio
873 739 950 822 περὶ
979 744 1194 825 γεωγραφίας
1225 764 1290 829 quo
1321 765 1356 806 se

234 843 360 907 muniat
383 848 481 925 atque
510 838 716 903 commendet
744 861 771 904 e.
796 863 828 925 g.
850 839 962 927 Steph.
986 841 1068 929 Byz.
1099 845 1159 926 32,
1189 846 1228 906 17
1248 843 1355 910 West.

235 945 388 1026 Δίδυμος
411 939 447 1003 δὲ
469 941 688 1021 παρατίθεται
710 944 830 1023 χρῆσιν
859 941 892 1019 ἐξ
912 938 1176 1027 Ἐρατοσθένους
1198 941 1238 1008 τὸ
1259 939 1354 1010 Ἀλε-

234 1045 410 1126 §svesans
438 1041 530 1128 (vide
551 1049 722 1126 praeterea
750 1063 833 1127 quae
857 1043 944 1108 inira
969 1043 1087 1110 dicturi
1117 1045 1262 1130 sumus),
1294 1046 1352 1110 sed

232 1149 374 1234 primum
395 1143 545 1206 tenuiora
567 1149 642 1204 sunt
665 1142 845 1208 studiorum
859 1144 996 1232 Didymi
1011 1148 1047 1210 in
1068 1147 1276 1233 geographia
1297 1169 1353 1234 po-

235 1249 371 1312 sitorum
401 1244 558 1328 vestigia,
588 1265 685 1329 quam
711 1253 747 1308 ut
769 1241 910 1312 Parisini
939 1247 1062 1312 codicis
1083 1248 1259 1313 lectionem
1283 1249 1353 1313 vul-

190 1416 194 1422 ,
233 1357 329 1434 gatae
350 1345 517 1433 praeferre
540 1347 655 1407 ausim.
700 1344 831 1411 Deinde
853 1346 948 1412 lectio
972 1352 1185 1432 γεωγραφίας
1207 1350 1350 1414 fortasse

232 1458 311 1514 nata
333 1469 376 1512 ex
397 1447 577 1529 γεωργίας,
599 1454 636 1510 111
660 1451 703 1510 Δ.
726 1439 743 1509 ὁ
768 1446 843 1524 νέος
866 1435 909 1513 sit
927 1447 1174 1515 Alexandrinus
1197 1451 1270 1534 1116,
1294 1453 1349 1539 qui

232 1548 416 1614 sexcenties
449 1545 601 1610 laudatur
634 1549 669 1610 in
692 1547 901 1633 Geoponicis.
951 1552 1147 1635 Auctorem,
1182 1553 1240 1638 qui
1271 1552 1347 1632 περὶ

232 1647 466 1734 ὀρθογραφίας
480 1647 581 1712 libros
594 1669 669 1712 suos
691 1649 943 1736 inscripserunt,
966 1652 1130 1718 Arthurus
1153 1654 1195 1717 de
1222 1651 1347 1716 Velsen

230 1755 265 1816 in
294 1749 462 1835 Tryphon.
504 1749 545 1812 fr.
579 1749 706 1814 collect.
736 1772 768 1836 p.
804 1755 844 1814 56
874 1774 922 1839 sq.
955 1775 1126 1836 recensum
1150 1752 1302 1835 exhibet,
1329 1774 1346 1815 e

230 1853 349 1939 quibus
366 1858 529 1932 nostrum,
549 1873 645 1936 quem
660 1855 965 1918 commemoratione
979 1854 1114 1938 dignum
1134 1876 1200 1918 non
1219 1853 1346 1936 habuit,

230 1962 336 2018 aetate
363 1951 505 2016 fortasse
533 1953 709 2018 antecessit
740 1973 825 2016 nnus
856 1953 991 2020 Draco
1015 1953 1343 2026 Stratonicenus

229 2053 373 2143 (Suid.I
398 2057 412 2116 1
436 2075 469 2138 p.
490 2054 598 2140 1456),
621 2053 691 2118 1616
712 2055 821 2138 attigit
843 2054 1055 2141 Tyrannio
1071 2057 1207 2144 (sein),
1223 2057 1343 2144 reliqui

229 2159 443 2242 excepcnmt,
473 2154 636 2241 Trypho
658 2152 750 2220 Suid.
775 2156 883 2238 Oram.
908 2178 961 2222 an.
987 2156 1076 2222 Oxx.
1101 2157 1137 2222 II
1161 2181 1194 2245 p.
1220 2161 1280 2241 72,
1305 2163 1343 2224 lt)

227 2258 343 2322 Lehrs.
380 2257 483 2322 Arist.
518 2279 549 2342 p.
582 2258 641 2321 341
669 2255 776 2320 Orus
804 2257 996 2323 Milesius
1024 2261 1177 2345 pertinax
1200 2259 1342 2346 Didymi

227 2359 449 2441 adversarius,
475 2377 538 2444 quo
570 2357 610 2421 de
638 2356 682 2422 cf.
706 2357 863 2424 Ritsohel.
887 2383 918 2446 p.
943 2363 983 2424 36
1006 2365 1099 2424 6144
1119 2383 1190 2447 sqq.
1214 2360 1342 2447 Apol·

226 2461 362 2526 lonius
384 2457 597 2545 Dyscolus
622 2458 677 2544 (dc
699 2467 820 2523 constr.
843 2482 890 2524 or.
912 2461 965 2525 III
984 2486 1016 2549 p.
1037 2463 1114 2548 270)
1136 2461 1341 2526 Herodia-

225 2584 298 2629 nus
323 2571 365 2626 et.
384 2584 427 2626 m.
451 2562 532 2643 292,
556 2564 652 2625 6611.
675 2583 750 2643 μον.
774 2562 839 2638 λεξ.
863 2563 914 2626 23.
938 2565 1068 2648 25:12.
1095 2566 1135 2627 79
1158 2562 1197 2626 L.
1221 2562 1339 2628 Lehrs.

225 2664 323 2730 anall.
351 2684 487 2749 gramm.
527 2685 559 2748 p.
596 2663 658 2724 418
689 2660 1008 2734 Choeroboscus
1043 2663 1210 2728 Charax
1249 2663 1339 2750 (cod.

224 2767 359 2830 Taurin.
388 2762 529 2830 COLXI
555 2761 612 2828 fol.
636 2767 675 2826 74
705 2770 787 2827 teste
809 2763 961 2849 Peyronc
984 2765 1090 2829 adet.
1114 2787 1157 2828 m.
1180 2787 1212 2850 p.
1239 2764 1337 2843 1069)

223 2862 1336 2953 Eudaemoet.1n.457,12SoteridasHyperechius(Suid.)

221 2968 428 3033 Arcadius
457 2965 746 3051 Theognostus
777 2987 829 3050 ap.
852 2965 988 3032 Bachm.
1022 2966 1159 3031 anecdd.
1198 2965 1336 3062 (1156,-

222 3073 262 3134 25
278 3072 314 3151 ¹).
371 3066 499 3147 Quibus
531 3066 693 3153 capitibus
731 3067 1054 3153 orthographicorum
1086 3077 1336 3154 praeceptorum

221 3171 365 3234 maxima
383 3189 459 3254 pars
481 3167 711 3253 comprehendi
734 3167 830 3232 solita
850 3171 906 3250 sit,
927 3168 1020 3232 docet
1033 3167 1190 3233 Ritschel.
1213 3168 1254 3231 de
1268 3169 1334 3232 Oro

219 3294 252 3357 p.
274 3272 326 3333 36.
349 3272 401 3332 44.
447 3267 781 3351 Circumscripserunt
811 3270 896 3333 enim
918 3278 1047 3334 veteres
1070 3269 1276 3354 grammatici
1297 3269 1333 3333 li-

219 3370 325 3436 bellos
350 3389 425 3435 suos
453 3368 720 3453 orthographicos
749 3370 941 3457 plerumque
967 3370 1018 3435 his
1041 3370 1179 3453 finibus,
1209 3379 1246 3434 ut
1267 3371 1332 3457 pri-

219 3493 307 3536 mum
335 3473 371 3535 in
399 3469 574 3534 iudicanda
600 3491 633 3533 αι
661 3477 694 3534 61
723 3492 739 3534 ε
765 3472 926 3557 scriptura
951 3480 1177 3554 versarentur,
1212 3471 1331 3535 deinde

218 3573 322 3638 altera
348 3571 487 3662 quadam
512 3578 605 3655 parte
637 3572 819 3657 copiosiore
846 3573 1022 3657 scripturas
1045 3580 1178 3654 11611,
1209 3581 1286 3655 qet
1307 3597 1330 3653 ι,

216 3676 314 3740 tertia
336 3698 369 3740 οι
389 3681 421 3737 61
443 3696 465 3736 v
485 3671 768 3758 persequerentur,
791 3681 907 3760 quarta
929 3672 1068 3758 denique
1090 3673 1131 3738 de
1154 3698 1167 3737 1
1190 3672 1329 3740 subscri·

215 3785 271 3863 pto
298 3774 458 3860 singulari
483 3772 645 3837 industria
669 3784 872 3860 quaererent.
923 3772 1051 3853 Quibus
1082 3774 1328 3860 quaestionibus

215 3887 283 3941 tam
305 3876 422 3940 affines
446 3877 480 3938 in
505 3873 599 3939 libris
626 3874 703 3958 περὶ
733 3871 911 3959 σχημάτων
940 3874 1207 3961 attigerunt(of.
1230 3874 1325 3940 Arth.

216 3977 257 4041 de
291 3975 415 4062 Velsen
450 3973 617 4060 Tryphon.
649 3974 690 4038 fr.
712 3999 745 4063 p.
765 3979 805 4040 90
830 3975 916 4064 sqq.)
923 4023 933 4059 ,
959 3961 1004 4041 ut
1016 3974 1209 4054 haereamus
1230 3977 1328 4042 inter-

224 4189 233 4202 „
286 4132 311 4197 l)
329 4131 391 4183 Non
416 4131 540 4182 exomni
562 4135 640 4196 parte
666 4145 759 4180 venrm
777 4136 820 4182 est
842 4130 914 4196 quod
938 4132 1050 4182 asserit.
1063 4131 1243 4184 Cassiodorus
1261 4133 1326 4184 inst.

213 4218 299 4284 praef.
331 4217 542 4283 ‘orthographia
573 4217 646 4281 apud
670 4217 788 4268 Graecos
810 4217 968 4284 plerumque
990 4219 1049 4269 sine
1068 4219 1249 4284 ambiguitate
1267 4235 1326 4284 pro·

213 4305 294 4354 batur
312 4309 469 4368 expressa.’
