2812 4868
186 357 227 417 56

187 523 327 610 Dionys.
347 542 399 607 op.
420 519 571 584 Eustath.
590 522 680 602 1579,
697 522 737 584 29
749 549 790 579 =
801 541 833 606 p.
852 522 923 603 498,
943 523 973 585 3.
994 515 1181 604 Σύμαιια·
1205 516 1303 606 Ἐρα-

187 623 350 706 τοσθένης
373 623 429 710 (fr.
452 622 560 708 XLV)
584 615 736 687 ἀπέδωκε
759 615 819 685 τὸν
838 619 982 705 φορμόν.
1015 616 1154 706 ἄμεινον
1176 622 1213 688 δὲ
1238 621 1298 690 τὸν

188 720 321 804 τοξικόν
354 721 514 808 κάλαμον.
560 717 649 788 οὕτω
680 720 866 800 Λύσιππος.
912 723 1104 810 Suspectum
1138 725 1218 790 mihi
1252 735 1301 792 est

190 825 374 904 Λύσιππος.
406 823 494 890 Malo
517 821 711 907 Λυκόφρων
734 822 788 888 vel
810 823 973 907 Δίδυμος.
1007 825 1189 912 Didymum
1214 830 1299 915 sapit

188 930 379 995 correctoris
412 936 490 993 nota
532 921 678 1012 ἄμεινον
704 923 750 990 δὲ.
805 924 886 990 Hes.
920 924 955 988 II
990 928 1070 989 1145
1117 930 1297 993 consentit:

186 1030 346 1115 Σύμαξ·
370 1023 435 1113 ύλη
457 1029 506 1106 τις
529 1024 695 1111 δρυοίδης,
717 1017 791 1091 οἷον
807 1023 992 1111 βούνομον·
1016 1027 1051 1091 σί
1064 1025 1100 1092 δὲ
1119 1027 1299 1115 φορμόν,

189 1133 300 1199 καλοί
320 1135 454 1210 πλείους
474 1125 540 1198 ύπδ
563 1133 624 1195 τοῦ
646 1126 837 1195 σύττεσθαι.
879 1131 964 1194 ἔνιοι
987 1126 1022 1194 δὲ
1046 1124 1106 1193 τὸν
1129 1127 1301 1217 βούνομον
1340 1159 1346 1168 ·

188 1241 363 1300 καλεῖσθαι
386 1233 527 1317 σύμακα.
571 1231 638 1298 καὶ
666 1227 832 1310 τοξικὸς
854 1228 1057 1316 κάλαμος,
1090 1225 1157 1315 ἀφ’
1181 1222 1231 1298 οὗ
1252 1229 1299 1299 τὰ

188 1333 316 1403 λεπτὰ
348 1333 615 1419 συνάγοντες
654 1325 829 1419 στιβάδα
873 1337 1089 1398 ποιοῦσιν.
1144 1335 1300 1402 Fortasse

186 1437 414 1525 Lycophronis
437 1438 661 1524 interpretatio
683 1445 753 1500 erat
774 1431 954 1519 βούνομον.
988 1435 1041 1499 of.
1064 1435 1159 1502 Phot.
1183 1441 1256 1520 497,
1280 1441 1298 1502 8

5 1547 11 1555 ‘
129 1603 131 1607 ,
188 1538 271 1603 Poll.
296 1560 402 1603 onom.
418 1540 452 1602 X
467 1543 506 1604 43
521 1562 553 1625 p.
566 1543 627 1604 410
638 1538 747 1603 Bekk.
771 1537 893 1623 Ineptit
911 1536 1113 1618 Fritzschius
1136 1538 1177 1602 de
1195 1548 1298 1624 poett.

188 1663 237 1726 gr.
260 1639 367 1704 bucol.
388 1663 419 1725 p.
434 1643 474 1704 35
499 1639 602 1723 (Giss.
619 1643 709 1705 1844.
723 1640 779 1725 8.),
798 1639 1050 1703 Eratosthenem
1069 1637 1299 1703 scholasticum

188 1740 381 1826 intellegens
404 1741 478 1806 coll.
491 1740 638 1805 Theocr.
660 1740 747 1805 XXI
773 1743 810 1805 13
830 1740 913 1804 XIV
936 1743 975 1804 34
999 1749 1040 1804 et.
1065 1763 1107 1804 m.
1122 1742 1193 1822 529,
1210 1741 1297 1826 39.¹)

187 1881 229 1892 -
252 1841 344 1922 Quae
362 1841 571 1926 Erotianus²)
601 1840 665 1906 Iex.
690 1842 790 1928 Hipp.
817 1865 850 1928 p.
875 1845 937 1906 394
968 1843 1042 1906 Frz.
1072 1842 1300 1907 Eratosthenis

187 1945 373 2010 testimonio
399 1942 588 2029 comprobat
622 1948 655 2008 X
660 1953 759 2008 εῑαι·
792 1937 962 2026 Ἐπικλῆς,
978 1960 1061 2028 φησι
1085 1945 1191 2025 ψυχαί
1219 1944 1299 2030 (leg.
1385 2002 1387 2007 .

188 2042 352 2130 συκχύδες
372 2045 426 2111 vel
451 2043 601 2130 σύκχσι),
622 2038 685 2109 ούκ
707 2039 830 2128 ὀρθῶς.
869 2055 953 2126 χείαι
973 2041 1037 2128 γάρ
1061 2047 1146 2110 εἰσιν
1168 2038 1299 2128 ὑποδη-

187 2171 290 2236 μαρος
301 2150 497 2232 γυναικείου
510 2141 607 2224 εἶδος.
629 2144 719 2213 καθά
735 2165 840 2230 φησιν
851 2141 1091 2231 Ἐρατοσθένης
1105 2144 1172 2230 κτὲ,
1186 2148 1300 2213 eadem

187 2251 291 2340 literis
314 2251 521 2335 consignavit
543 2251 623 2314 Hes.
636 2249 671 2313 II
689 2253 767 2313 1553
787 2255 879 2314 Χῖαι·
904 2243 1118 2332 ὑποδήματος
1139 2240 1299 2332 ἀνδρείου

189 2353 301 2430 είδους
322 2353 358 2440 (l.
381 2347 495 2437 εἶδος).
539 2354 592 2416 De
613 2359 706 2416 soccis
727 2351 796 2416 vid.
815 2350 898 2415 Poll.
922 2372 1027 2416 onom.
1048 2350 1116 2415 VII
1129 2353 1169 2415 86
1191 2373 1223 2437 p.
1239 2353 1301 2414 295

187 2453 295 2518 Bekk.
333 2453 472 2519 Oasaub.
492 2453 613 2519 Athen.
636 2453 725 2518 XIII
758 2453 818 2518 sub
844 2454 900 2518 fin.
928 2451 1064 2517 Salmas.
1097 2451 1140 2516 ad
1161 2450 1299 2516 Tertull.

189 2555 229 2620 de
247 2554 328 2642 pall.
350 2578 381 2642 p.
405 2556 466 2618 283
490 2555 516 2620 I.
541 2555 583 2620 G.
609 2552 761 2619 Schneid.
785 2553 883 2618 anall.
907 2554 942 2618 II
963 2577 995 2640 p.
1014 2556 1064 2618 52.

271 2657 488 2744 Explorernus
504 2656 613 2721 Bekk.
630 2656 767 2721 anecdd.
786 2679 818 2742 p.
835 2658 907 2739 215,
926 2658 963 2719 19
987 2649 1299 2738 ἆποκήρυκτος·

187 2752 205 2821 ὁ
227 2757 280 2822 ἐπὶ
302 2752 535 2842 ἁμαρτήμασιν
557 2752 709 2822 ἐκπεσών
731 2760 788 2840 τῆς
809 2753 963 2843 πατρςύας
985 2759 1100 2839 οίκίας,
1124 2755 1299 2838 ἐκποίητος

188 2855 224 2925 δὲ
257 2857 274 2926 ὁ
302 2859 401 2950 ἑτέρῳ
430 2859 545 2938 δοθεὶς
569 2855 831 2944 είςποιησασθαι.
865 2854 973 2936 οὕτως
991 2854 1298 2941 Ἐρατοσθένης.

186 2963 279 3027 Haeo
299 2965 371 3050 ipsa
392 2963 580 3051 Hesychius
603 2965 619 3028 I
641 2987 673 3050 p.
694 2967 755 3028 465
778 2964 958 3049 usurpavit,
981 2985 1023 3027 ne
1044 2960 1145 3026 verbo
1168 2961 1301 3047 quidem

186 3065 354 3149 breviora,
386 3066 450 3129 nisi
481 3066 568 3152 quod
599 3046 780 3152 posteriore
813 3065 883 3129 loco
916 3065 1050 3130 exhibet
1083 3060 1101 3128 ὁ
1135 3061 1301 3140 ἐκδοθεὶς

187 3166 288 3256 ἑτέρῳ
312 3171 357 3244 είς
379 3160 587 3250 ύιοπσίησιν;
611 3167 653 3231 cf.
672 3165 832 3230 Valcken.
851 3168 1002 3236 Ammon.
1023 3167 1081 3230 Ic.
1095 3170 1114 3230 6
1129 3189 1161 3252 p.
1174 3167 1300 3230 25-28

258 3340 330 3404 l)=E
356 3342 492 3392 contrario
515 3342 543 3390 in
565 3341 632 3392 Hes.
657 3356 711 3390 non
735 3345 892 3405 comparent
914 3341 992 3392 Erat.
1019 3355 1063 3405 sp.
1082 3339 1164 3390 Phot.
1184 3340 1246 3404 437,
1268 3340 1300 3392 10

92 3477 93 3480 ,
187 3430 253 3478 κοί
262 3430 304 3492 32,
321 3430 352 3480 12
371 3418 621 3478 εύθύΛυκείου
636 3426 680 3493 (de
696 3429 752 3493 quo'
766 3427 825 3479 Ioco
839 3445 865 3478 v.
878 3428 997 3478 Meinek.
1015 3432 1120 3493 quaest.
1134 3443 1172 3477 sc.
1184 3427 1213 3477 II
1224 3444 1251 3493 p.
1265 3428 1299 3480 33

187 3517 307 3567 Lobeck.
327 3516 473 3581 Phrynich.
493 3533 520 3581 p.
540 3516 591 3566 144
612 3515 719 3566 ‘Bernh
738 3521 765 3580 p.
785 3515 835 3566 230
854 3515 887 3566 fr.
908 3515 1034 3564 XXXIX.
1053 3514 1124 3580 XL.)
1144 3513 1187 3578 64,
1206 3513 1222 3565 3
1240 3505 1303 3580 ἤϊα

188 3601 225 3668 (p.
244 3604 295 3655 235
313 3604 346 3654 fr.
366 3603 466 3669 xm)
491 3603 541 3667 ol,
561 3605 592 3654 οι
619 3589 676 3667 ἤι’
695 3591 732 3661 tc
760 3601 866 3669 (non
886 3603 964 3662 xnn
989 3602 1051 3653 0011.
1070 3601 1151 3652 Ριοι.
1171 3603 1200 3650 in
1218 3603 1300 3667 epist.

187 3690 222 3739 ad
237 3688 407 3754 Amphiloch.
425 3695 531 3756 quaest.
551 3691 617 3741 XXI
634 3692 663 3740 in
681 3691 714 3743 Α.
735 3691 792 3741 Mai
807 3707 859 3741 scr.
879 3694 947 3739 vett.
964 3704 1027 3740 nov.
1049 3687 1235 3754 0011.1·231.)
1300 3693 1301 3698 ’
1363 3745 1366 3752 ⁴

256 3777 282 3842 2)
302 3777 425 3828 Erotian.
445 3775 617 3842 γυναικείου,
637 3780 703 3830 Hcs.
723 3771 869 3842 ἀνδρείου.
905 3777 1006 3828 Similis
1025 3781 1067 3827 est
1081 3777 1205 3827 conhrsio
1217 3793 1296 3830 voce.

186 3851 341 3924 ἀρσενικῶς
361 3870 387 3914 et
406 3861 555 3928 θηλυκοῖς,
580 3881 660 3931 quam
685 3871 763 3916 notet
786 3866 818 3917 G.
839 3865 948 3916 Schaef.
972 3863 1007 3914 ad
1025 3863 1109 3914 schol.
1131 3857 1182 3928 Ap.
1201 3863 1251 3916 Rh.
1272 3847 1305 3915 11⁴

186 3965 213 4014 p.
231 3951 291 4002 329.
329 3953 430 4003 Vocem
453 3949 521 4016 χεία
540 3953 568 4002 in
591 3953 710 4019 Erigone
734 3953 884 4018 explicasse
906 3951 1117 4004 Eratosthenem
1145 3950 1226 4000 valde
1246 3950 1299 4001 du-

187 4037 261 4101 bito,
289 4038 432 4103 Sophoclis
452 4041 634 4091 testimonium
658 4057 691 4091 ex
705 4041 825 4106 Erigone
849 4033 1009 4104 apposuisse
1027 4038 1164 4103 suspicor:
1191 4038 1244 4087 nisi
1263 4038 1300 4090 Ie·

186 4125 303 4189 gendum
321 4115 538 4190 Ἐρατσσθένης.
568 4121 710 4200 Κέχρηται
732 4124 768 4194 τῇ
789 4120 860 4187 λέξει
880 4121 1033 4190 Σοφοκλῆς
1056 4115 1086 4174 ἐν
1099 4115 1233 4191 Ἠριγόνῃ
1251 4119 1299 4174 καὶ

185 4209 393 4277 Καλλίστρατος
418 4201 474 4262 uri.
512 4203 896 4279 8ορ1ιοο1ειι1ο5υ1κίιοειιιο
916 4227 980 4264 usus
999 4217 1042 4264 est
1060 4213 1208 4264 Erotionus
1228 4229 1249 4264 s.
1270 4229 1297 4265 v.

184 4285 325 4364 ύποφρος,
345 4300 391 4350 nbi
409 4301 498 4352 scribo
522 4297 632 4380 συνῆψε
650 4298 736 4365 δῆριν
754 4287 902 4364 ύπσφρον,
916 4292 948 4361 ἓξ
968 4293 1063 4350 αύτύν
1078 4291 1135 4358 ’ἕως
1153 4288 1210 4353 κτὲ,
