2812 4868
200 320 241 386 72

201 487 299 554 Alex.
318 484 466 573 Aphrod.
495 481 600 571 probl.
631 521 674 534 -
706 482 789 548 vid.
816 483 946 549 Aelian.
969 483 1001 548 h.
1025 482 1097 549 aV
1125 487 1139 548 1
1166 483 1312 571 Hesych.

201 590 218 656 I
249 591 310 653 237
347 581 510 652 ἆλκοιίοι·
556 583 674 668 κέρκος
706 576 792 668 οὐρὰ
826 576 846 667 ἡ
876 587 939 651 τού
960 584 1095 662 λέοντος
1118 585 1153 668 (1
1176 588 1314 669 [κυρίως

202 685 259 775 ἡ]).
290 690 443 756 Ceterum
462 688 599 752 lectores
621 686 683 752 hoo
705 687 844 754 monitos
866 687 952 771 volo,
975 687 1167 774 imperitiori
1186 688 1312 775 sequio-

204 795 298 881 rique
320 790 490 876 interpreti
517 789 572 854 vel
601 787 731 854 scribae
754 787 867 852 deberi
887 791 934 876 τῷ
960 792 1096 876 κωμικῷ
1116 789 1234 875 λεξιιιῷ
1254 810 1312 875 pro

204 899 243 980 τῇ
265 895 395 978 κωμικῇ
414 891 509 969 λε’ξει.
538 891 615 954 Vid.
638 890 761 954 Osann.
783 889 921 955 Philem.
943 911 975 976 p.
1000 891 1087 956 XIX
1108 889 1181 956 coll.
1203 899 1246 956 et.
1269 913 1311 956 m.

203 998 283 1080 492,
313 997 353 1058 48
381 1001 413 1058 et
435 993 501 1058 Oro
525 993 596 1058 cod.
618 993 701 1060 Par..
719 993 801 1059 2630
825 1014 877 1077 ap.
900 991 1009 1058 Bekk.
1040 993 1177 1060 anecdd.
1202 994 1257 1059 ΙΙΙ
1280 1017 1311 1082 p.

70 1141 73 1146 -
206 1100 299 1166 1386.

730 1179 781 1241 36.

289 1301 400 1366 Minus
422 1297 576 1383 expedita
596 1318 648 1360 res
669 1303 727 1378 est,
751 1295 792 1360 de
804 1294 905 1360 schol.
918 1296 960 1361 ad
971 1297 1058 1364 Plut.
1071 1301 1131 1364 313
1154 1298 1232 1386 quid
1252 1306 1313 1363 sta-

202 1405 360 1473 tuendum
377 1402 436 1481 sit,
459 1399 552 1463 euius
574 1399 633 1464 vix
653 1399 787 1463 minima
808 1419 886 1483 pars
904 1399 1002 1485 apud
1030 1399 1236 1486 Hesychium
1265 1423 1313 1464 re-

203 1509 316 1573 currit.
366 1496 667 1586 Μινθιύοομεν]
700 1503 855 1585 μίνθον
887 1501 922 1563 οί
941 1498 1003 1584 μὲν
1031 1496 1091 1565 τὸν
1125 1495 1312 1586 ἡδύοσμον,

204 1609 239 1674 oi
256 1605 293 1672 δὲ
315 1602 378 1688 τὴν
400 1608 511 1686 coppe,
534 1595 580 1679 ὡς
602 1612 707 1668 κεῖται
735 1602 778 1667 ἐν
803 1604 851 1686 τῇ
871 1605 1039 1688 1ιιωμιιιῇ
1062 1601 1179 1679 λέξει.
1225 1605 1261 1668 οί
1277 1602 1312 1669 δὲ

205 1705 294 1794 εἶδος
310 1691 442 1781 ι’ίνθους
464 1703 501 1768 ἐν
521 1707 561 1789 τῇ
583 1701 699 1792 κόπρῳ
721 1703 906 1789 φυομένου,
931 1692 958 1792 pi
976 1708 1152 1788 χαίρουσιν
1175 1706 1212 1770 οί
1231 1703 1313 1790 τρύ-

205 1835 259 1895 γοι
283 1859 291 1872 .
317 1857 325 1872 .
348 1856 355 1872 .
377 1808 412 1872 οί
436 1802 473 1870 di
499 1809 626 1890 μίνθον
658 1805 740 1889 φασί
767 1799 830 1887 τὴν
863 1798 1087 1889 ἀνθρωπίνην
1110 1808 1150 1889 [t]
1171 1805 1312 1892 κόπρον.

204 1915 245 1978 In
273 1908 442 1998 Hesychio
471 1930 536 1974 non
561 1908 625 1971 nisi
648 1909 729 1974 haec
754 1907 957 1980 invenioII
985 1911 1045 1972 604
1072 1910 1237 1975 Μίνθοι·
1276 1907 1312 1976 τὸ

203 2009 379 2100 ἡδύοσμον
407 2009 460 2074 καί
490 2003 685 2092 ἀνθρωπεία
714 2013 793 2094 (imo
812 2010 931 2094 οιίγείοι)
959 2007 1094 2093 κύπρος.
1149 2011 1314 2100 Interpre-

202 2125 268 2182 tem
297 2123 407 2180 tamen
433 2109 664 2197 Aristophanis
693 2112 852 2194 illustrat,
886 2133 982 2198 quern
1010 2112 1112 2176 multa
1144 2135 1161 2176 o
1189 2115 1314 2180 comico

127 2288 129 2292 ,
196 2219 310 2283 'lexico
336 2213 474 2302 Didymi
503 2220 685 2279 mutuatum
713 2235 784 2278 esse
814 2212 981 2278 Meinekio
1006 2213 1115 2278 iudice
1142 2215 1314 2281 verissime

204 2321 415 2385 coniecerunt
436 2315 570 2380 Ruhuk.
592 2315 689 2382 Auct.
712 2316 857 2403 Hesych.
878 2316 920 2379 ad
942 2315 978 2378 ΙΙ
999 2337 1031 2401 p.
1047 2320 1107 2381 390
1127 2317 1313 2390 Blomfield.

205 2445 293 2487 cens.
314 2420 409 2485 Phot.
430 2417 544 2483 Herm.
563 2440 595 2503 p.
619 2423 677 2483 741
703 2418 754 2483 ed.
770 2418 849 2504 Lps.
872 2416 1008 2481 Pbotius
1032 2419 1110 2502 270,
1137 2421 1176 2483 24
1200 2423 1243 2484 M
1249 2423 1314 2486 ίν-

204 2528 269 2588 θοι·
292 2516 329 2586 td
352 2514 433 2602 παρ’
458 2519 559 2595 ἐνίοις
582 2512 774 2604 ἡδύοσμον,
798 2522 844 2596 είς
864 2512 884 2583 d
905 2515 1125 2609 μεταβάλλειν
1146 2519 1230 2604 φασί
1252 2515 1314 2606 τὴν

196 2618 315 2690 ’Ἅιδου
335 2619 520 2704 παλλακήν,
542 2615 604 2705 ἀφ’
628 2611 669 2705 οἷς
687 2622 742 2687 καὶ
764 2615 801 2688 τύ
825 2622 901 2703 περὶ
920 2617 981 2704 τὴν
996 2611 1091 2686 Ἦλιν
1114 2616 1202 2706 ὄρος.
1246 2629 1314 2707 Ζη-

204 2722 343 2802 νόδοτος
363 2721 400 2788 δὲ
421 2718 484 2806 τὴν
494 2718 612 2806 Ἴυμμοι
634 2717 694 2790 ὑπ’
719 2723 819 2788 ἐνίων
841 2722 989 2790 Macae·
1004 2723 1177 2808 λέγεσθαι,
1200 2731 1314 2808 θυμα-

204 2827 283 2910 τίρα
301 2823 363 2911 μὲν
385 2814 492 2890 οὖσαν
515 2829 682 2911 Πειθοῦς,
704 2829 804 2892 vuido
825 2826 861 2892 δὲ
881 2823 1020 2910 νύμφην
1044 2823 1110 2890 κτὲ.
1153 2828 1314 2895 Zenodoti

137 2979 138 2982 .
204 2927 444 3012 intellegendae
471 2928 625 2993 videntur
653 2931 812 3016 epitomae
839 2929 1019 3016 mythicae,
1053 2928 1094 2992 de
1124 2929 1243 3016 quibus
1269 2932 1312 2996 H.

204 3029 371 3094 Duentzer
394 3029 435 3093 de
456 3028 579 3094 Zenod.
600 3052 633 3115 p.
655 3033 705 3096 28.
751 3031 802 3097 Of.
826 3029 923 3097 Ovid.
947 3029 1026 3095 Met.
1047 3029 1097 3112 Χ,
1120 3033 1180 3095 729
1205 3031 1313 3099 Strab.

203 3129 289 3208 VIII
315 3153 347 3216 p.
371 3132 431 3194 344
458 3128 599 3215 Oppian.
631 3131 707 3197 Hal.
725 3137 760 3217 3,
782 3137 844 3199 486
867 3131 961 3198 Sext:
978 3130 1066 3218 Hyp.
1091 3132 1158 3215 ΙΙΙ,
1179 3135 1229 3199 24.
1254 3138 1312 3199 184

205 3241 247 3299 a.
271 3254 313 3296 m.
337 3233 397 3311 eos
422 3233 512 3314 (533,
535 3232 567 3313 3)
591 3239 633 3296 et.
655 3233 741 3298 eud.
762 3236 840 3317 395,
871 3237 884 3295 1
909 3231 992 3297 Pon.
1018 3233 1129 3299 vles
1154 3233 1249 3312 suia
1279 3219 1313 3300 n

208 3338 221 3396 1
244 3357 276 3420 p.
298 3335 370 3426 856,
390 3338 409 3396 7
428 3332 564 3397 Bachm.
587 3335 724 3399 anecdd.
748 3336 765 3399 I
786 3335 863 3419 302,
887 3337 905 3398 3
928 3332 1029 3399 schol.
1052 3334 1191 3401 Nicand.
1215 3337 1312 3402 Alex.

208 3439 278 3502 374,
293 3434 395 3499 schol.
408 3434 451 3498 ad
473 3436 531 3500 Ar.
554 3435 646 3518 Eccl.
664 3442 725 3503 644
748 3441 836 3522 (673)
855 3438 938 3502 Ran.
958 3439 1037 3500 1107
1060 3435 1170 3503 Olear.
1183 3439 1313 3505 adei-

80 3571 81 3578 ι
205 3535 297 3600 lostr.
321 3537 363 3603 V.
379 3536 421 3602 A.
442 3536 459 3599 I
481 3559 509 3600 c.
527 3539 567 3600 25
586 3560 618 3623 p.
641 3542 680 3603 34
703 3563 736 3605 n.
760 3543 800 3603 24
823 3538 969 3604 Lobeok.
993 3537 1156 3625 Aglaoph.
1179 3546 1203 3602 t.
1224 3539 1259 3602 II
1281 3563 1314 3625 p.

205 3641 266 3703 383
300 3661 348 3724 sq.
383 3638 423 3704 Ο.
460 3638 552 3704 Iahn.
586 3644 734 3706 ΠΕΙΘΩ
769 3641 898 3706 dissert.
935 3635 1096 3704 archaeol.
1128 3643 1243 3725 pto.
1283 3644 1312 3706 8.

205 3740 297 3819 Quae
317 3764 391 3806 oum
412 3743 459 3807 ita
486 3741 566 3824 sint,
590 3751 646 3807 aut
667 3743 803 3810 Photius
831 3742 986 3830 anonymi
1014 3741 1184 3806 cuiusdam
1206 3742 1313 3806 lexico

205 3843 328 3909 comico
343 3844 504 3928 utebatur,
527 3845 613 3932 quod
634 3867 729 3909 nemo
750 3844 846 3910 facile
867 3846 902 3909 in
921 3844 1065 3908 animum
1081 3842 1224 3924 inducet,
1247 3830 1313 3926 aut,

205 3946 292 4034 quod
315 3944 518 4033 probabilius
547 3954 611 4029 est,
639 3946 819 4034 Didymum
848 3946 1048 4031 Diogeniani
1069 3944 1256 4031 Hesychius
1279 3946 1314 4009 in

155 4082 158 4090 «
204 4048 339 4113 brevius
355 4049 519 4113 contraxit
531 4071 570 4113 ac
590 4051 751 4137 corrupit3
774 4070 970 4136 quamquam
985 4067 1024 4112 ea
1042 4055 1091 4112 est
1110 4045 1314 4133 Hesychiani

205 4151 268 4215 1οοὶ
279 4143 490 4232 condicio‚'ut
501 4139 718 4237 transpositis
733 4161 765 4216 et
782 4151 853 4216 loco
874 4172 933 4214 suo
949 4150 1055 4233 motis,
1072 4172 1155 4238 quae
1173 4171 1313 4237 sequun-

204 4259 256 4316 tur
281 4267 410 4317 numo·
441 4253 561 4335 ἔχθρα,
591 4253 626 4315 in
652 4250 924 4339 praecedentibus
948 4272 1077 4338 quoquc
1099 4273 1125 4316 s.
1148 4274 1181 4315 v.
1205 4251 1312 4334 μίνθοι
