2858 4882
1144 373 1203 434 371

91 558 111 598 a
130 535 276 622 Didymo
307 531 521 614 Chalcentero
549 533 729 598 lectitatum
755 535 950 622 saepiusque
973 558 1107 602 numero
1129 541 1207 603 cita·

92 645 172 704 tum.
217 636 315 700 Hunc
341 637 442 720 igitur
468 637 575 721 ipsum
605 635 659 698 vel
688 634 868 721 Didymum
897 638 979 701 adiit
1000 637 1098 702 etiam
1120 638 1205 705 Plin.

92 737 168 802 h.n.
190 737 257 818 VII
271 740 301 820 2,
325 737 390 825 qui,
414 757 608 824 quamquam
630 757 672 799 ne
693 757 758 800 uno
780 736 911 822 quidem
932 737 1003 802 loco
1025 739 1207 825 Didymunr

91 841 176 903 inter
203 849 356 904 externos
385 847 533 903 auctores
556 836 674 919 refert,
699 839 835 921 gemina
865 848 986 903 narrat.
1031 841 1208 906 Praeterea

92 941 134 1005 cf.
156 941 236 1005 Hes.
269 964 295 1005 s.
318 963 351 1004 v.
376 943 505 1024 Θίβεις,
534 960 598 1025 quo
626 938 698 1004 loco
728 937 865 1002 Salmas.
897 962 972 1005 cxx.
997 941 1082 1007 Plin.
1104 965 1137 1030 p.
1164 949 1204 1008 47

93 1042 244 1106 emendat
265 1045 378 1124 Θιβεῖς
400 1037 517 1123 γόητές
540 1062 636 1115 τινες.
668 1039 767 1125 Apud
787 1038 999 1106 Plutarchum
1021 1044 1116 1109 codd.
1134 1046 1204 1110 fere

94 1143 236 1208 omnium
248 1142 345 1207 lectio
361 1151 410 1206 est
425 1145 557 1224 Θηβεῖς,
580 1141 667 1227 quod
683 1162 748 1204 non
764 1145 907 1208 correxit
918 1145 1119 1210 Brueckner.
1136 1146 1157 1210 l.
1172 1146 1204 1229 l.,

93 1247 216 1327 Θνβεῑς
236 1243 358 1308 habent
379 1245 453 1308 edd.
466 1243 543 1306 Bas.
563 1241 655 1326 Xyl,
679 1245 806 1326 Θιβιεῖς
826 1245 880 1308 vel
903 1250 1015 1330 Θίβιοι
1035 1250 1205 1332 proposuit

92 1343 203 1409 Vales.
227 1345 376 1410 emendd.
400 1346 465 1434 VS
488 1348 609 1428 Θίβιοι,
633 1343 751 1407 Lucht.
772 1353 804 1410 et
817 1347 965 1412 Mueller.
989 1348 1030 1413 fr.
1052 1349 1127 1412 hist.
1145 1350 1203 1414 Gr.

93 1446 110 1508 Ι
131 1469 163 1533 p.
186 1449 259 1512 354.
305 1446 479 1512 Thomsius
504 1446 610 1511 locum
632 1446 749 1509 omisit.
779 1447 832 1510 De
855 1449 926 1513 loco
945 1448 1053 1513 Thiba
1068 1449 1204 1515 Pontico

92 1547 134 1612 ab
155 1549 339 1632 Amazone,
366 1571 462 1635 quam
486 1545 646 1610 Hercules
668 1546 846 1631 interfecit,
874 1550 961 1614 dicto
984 1551 1027 1614 cf.
1048 1551 1203 1616 Arrhian.

94 1649 262 1714 Nicomed.
285 1672 337 1735 ap.
361 1648 511 1712 Eustath.
532 1647 575 1710 ad
593 1647 733 1733 Dionys.
756 1647 829 1711 Per.
854 1652 927 1714 828.
955 1652 1046 1717 Inter
1066 1654 1203 1740 populos

94 1750 322 1814 effascinantes
355 1749 557 1814 Nasamones
586 1770 713 1835 quoque
746 1761 958 1816 numerantur
989 1777 1044 1841 ap.
1079 1754 1202 1819 Herod.

92 1853 126 1915 ΙΙ
149 1856 188 1917 33
212 1853 261 1917 IV
282 1857 352 1916 165.
386 1851 436 1916 Of.
459 1849 606 1917 Lobeck.
629 1850 791 1935 Aglaoph.
811 1852 847 1914 II
865 1856 1041 1938 119610011.
1057 1859 1119 1920 972
1132 1880 1203 1943 sqq.

633 2038 662 2098 2.

177 2157 231 2222 Et.
254 2179 297 2236 m.
320 2159 377 2219 651
406 2152 510 2242 [718],
534 2156 573 2218 35
607 2149 760 2218 σκολιοὶ
783 2149 822 2216 τὰ
846 2152 1035 2238 συμποτικὰ
1057 2152 1202 2243 ᾅσματα·

93 2262 147 2324 Δί
153 2261 173 2323 d
181 2255 283 2341 υμός
304 2274 409 2340 φησιν
431 2251 619 2338 διαφόρους
636 2253 853 2336 ἐτυμολογίας
868 2255 911 2331 ἐν
929 2280 951 2338 γ
969 2274 1206 2338 συμποσια-

92 2363 186 2425 κῶν.
243 2358 306 2424 Cui
338 2358 460 2422 ibidem
491 2357 551 2420 Ori
584 2358 760 2443 opponitur
792 2356 967 2442 explicatio
977 2358 1012 2445 ¹).
1067 2359 1205 2446 Didymi

93 2462 278 2548 exemplum
307 2461 410 2523 secuti
437 2468 468 2522 et
497 2458 686 2522 Athenaeus
708 2458 774 2522 XV
801 2482 833 2545 p.
864 2461 965 2524 693F
982 2498 1026 2511 υ-
1047 2463 1149 2526 696Ε
1173 2473 1205 2526 et

92 2562 286 2629 Plutarchus
310 2561 421 2648 Symp.
446 2560 463 2624 l
488 2565 502 2622 1
527 2584 559 2646 p.
588 2564 645 2624 155
671 2561 817 2626 Tauchn.
849 2562 890 2626 de
918 2562 1090 2626 sccliorum
1112 2566 1204 2649 poesi

93 2667 297 2752 nominisque
324 2662 523 2748 etymologia
551 2663 811 2749 disputaverunt.
862 2662 1027 2748 Didymus
1056 2685 1134 2728 vero
1163 2665 1205 2729 de
1244 2702 1248 2707 -

93 2769 267 2835 scolicrum
294 2764 477 2851 veriloquio
504 2767 637 2830 iteravit
663 2767 697 2829 in
725 2764 808 2829 libro
836 2765 911 2848 περὶ
932 2767 1082 2845 λυρικῶν
1105 2785 1205 2849 ποιη-

94 2875 171 2954 τῶν,
193 2869 259 2932 nisi
279 2868 385 2931 mavis
407 2889 459 2953 ap.
484 2876 526 2931 et.
549 2890 592 2930 m.
619 2870 690 2948 651,
714 2869 753 2930 85
776 2867 984 2949 Δίδυμος-
1003 2867 1040 2929 ἐν
1061 2869 1107 2951 τῷ
1129 2863 1204 2947 περὶ

96 2975 244 3054 ποιητῶν
258 2969 313 3032 καὶ
323 2962 530 3055 Ἡρῳδιανός
546 2965 615 3051 ἐνγ
630 2971 882 3050 συμποσιακῶν.
893 2966 1135 3030 ——Dicacarchi
1150 2989 1203 3052 ap.

95 3073 185 3137 Suid.
209 3082 242 3136 et
261 3070 362 3135 schol.
386 3069 523 3134 Lucian.
545 3091 603 3155 pro
623 3068 704 3156 laps.
728 3069 794 3133 vol.
809 3068 859 3133 IV
879 3091 911 3154 p.
927 3072 986 3132 116
1009 3069 1060 3133 ed.
1083 3068 1204 3150 lacha,

93 3174 285 3238 Aristoxeni
305 3181 337 3236 et
356 3171 518 3258 Phyllidis
541 3173 658 3235 musici
676 3194 728 3257 ap.
752 3172 893 3254 eosdem,
915 3172 1103 3235 Artemonis
1127 3172 1204 3234 Cas·

94 3275 305 3360 sandreiap.
331 3273 451 3337 Athen.
477 3272 542 3336 XV
569 3296 601 3358 p.
626 3276 687 3336 994
717 3274 859 3358 prolatas
889 3274 1031 3338 nominis
1060 3274 1204 3336 rationes

94 3379 172 3464 quin
193 3377 358 3462 Didymus
380 3375 578 3461 apposuerit,
602 3396 667 3439 non
690 3383 740 3439 est
763 3375 850 3460 quod
873 3374 1013 3439 dubites.
1038 3368 1205 3456 Ὑπομνη-

93 3477 233 3562 paracl
251 3479 313 3542 τοῦ
328 3480 467 3545 σκολιοῦ
489 3475 612 3558 μέτρου
632 3479 762 3563 scripsit
780 3476 949 3562 Tyrannio
972 3477 1204 3558 grammaticus

93 3581 232 3644 testibus
248 3578 358 3643 Suida
378 3588 411 3641 et
435 3577 535 3642 schol.
558 3577 616 3641 Ar.
640 3578 746 3640 Rann.
772 3579 869 3658 1337,
894 3597 989 3661 quem
1011 3575 1203 3636 Amisenum

95 3703 167 3745 esse
190 3683 303 3746 statuit
326 3679 370 3742 H.
394 3677 525 3742 Planer.
552 3678 593 3742 de
617 3677 828 3764 Tyrannione
856 3675 1068 3762 grammatico
1095 3674 1204 3737 Berol.

97 3785 187 3847 1852.
214 3787 245 3847 4.
268 3805 300 3868 p.
322 3783 352 3844 8.
573 3843 575 3848 s
604 3813 605 3818 κ
634 3867 652 3928 3

179 3985 292 4073 Steph.
314 3985 396 4068 Byu.
418 4006 449 4068 p.
474 3986 547 4066 305,
570 3987 584 4046 1
609 3983 660 4046 ed.
684 3981 828 4046 Meinck.
855 3969 976 4054 Ἦτις·
1009 3978 1112 4059 δῆμος
1135 3979 1205 4038 Λα*

167 4141 257 4208 1)Ex
274 4141 392 4206 Didymo
419 4140 501 4190 dueta
521 4153 581 4188 esse
599 4153 669 4203 queo
686 4137 848 4187 Eustathius
874 4134 908 4184 ad
929 4133 1028 4198 Odyss.
1046 4148 1063 4196 η
1083 4148 1109 4195 p.
1129 4131 1205 4191 1574,

95 4230 128 4279 12
146 4229 170 4279 R
189 4229 222 4278 de
241 4228 318 4278 scolii
335 4227 484 4291 veriloquio
505 4226 628 4291 perhibet
646 4226 801 4289 suspicatur
817 4222 959 4271 Incobsius
978 4223 1049 4269 teste
1061 4219 1095 4270 D.
1118 4215 1204 4281 Ilgen.

93 4315 190 4379 isquis.
210 4315 244 4366 de
261 4315 328 4368 scol.
347 4330 421 4378 poss.
440 4329 467 4377 p.
484 4311 570 4362 xon.
931 4383 995 4445 24*
