<?xml version="1.0" encoding="UTF-8"?>
<!DOCTYPE html PUBLIC "-//W3C//DTD XHTML 1.0 Transitional//EN"
    "http://www.w3.org/TR/xhtml1/DTD/xhtml1-transitional.dtd">
<html xmlns="http://www.w3.org/1999/xhtml" xml:lang="en" lang="en">
 <head>
  <title>
</title>
<meta http-equiv="Content-Type" content="text/html;charset=utf-8" />
  <meta name='ocr-system' content='tesseract 3.04.00' />
  <meta name='ocr-capabilities' content='ocr_page ocr_carea ocr_par ocr_line ocrx_word'/>
</head>
<body>
  <div class='ocr_page' id='page_1' title='image "./didymichalcente01schmgoog_0252.png"; bbox 0 0 2894 4890; ppageno 0'>
   <div class='ocr_carea' id='block_1_1' title="bbox 1171 371 1233 431">
    <p class='ocr_par' dir='ltr' id='par_1_1' title="bbox 1171 371 1233 431">
     <span class='ocr_line' id='line_1_1' title="bbox 1171 371 1233 431; baseline 0.016 -1"><span class='ocrx_word' id='word_1_1' title='bbox 1171 371 1233 431; x_wconf 85' lang='lat'><strong><em>233</em></strong></span> 
     </span>
    </p>
   </div>
   <div class='ocr_carea' id='block_1_2' title="bbox 119 534 1233 824">
    <p class='ocr_par' dir='ltr' id='par_1_2' title="bbox 119 534 1233 824">
     <span class='ocr_line' id='line_1_2' title="bbox 205 534 1233 621; baseline -0.001 -20"><span class='ocrx_word' id='word_1_2' title='bbox 205 539 236 601; x_wconf 86' lang='lat' dir='ltr'><strong>A</strong></span> <span class='ocrx_word' id='word_1_3' title='bbox 264 558 342 601; x_wconf 89' lang='lat' dir='ltr'><strong>vcro</strong></span> <span class='ocrx_word' id='word_1_4' title='bbox 367 536 497 620; x_wconf 76' lang='lat' dir='ltr'><strong>longius</strong></span> <span class='ocrx_word' id='word_1_5' title='bbox 521 535 614 600; x_wconf 87' lang='lat' dir='ltr'><strong>abest</strong></span> <span class='ocrx_word' id='word_1_6' title='bbox 635 534 810 620; x_wconf 91' lang='lat' dir='ltr'><strong>Didymus.</strong></span> <span class='ocrx_word' id='word_1_7' title='bbox 855 534 940 598; x_wconf 86' lang='lat' dir='ltr'><strong><em>Nam</em></strong></span> <span class='ocrx_word' id='word_1_8' title='bbox 968 542 1080 621; x_wconf 86' lang='lat' dir='ltr'><strong>aperte</strong></span> <span class='ocrx_word' id='word_1_9' title='bbox 1104 535 1145 600; x_wconf 89' lang='lat' dir='ltr'><strong><em>de</em></strong></span> <span class='ocrx_word' id='word_1_10' title='bbox 1167 537 1233 601; x_wconf 85' lang='lat' dir='ltr'><strong><em>Eu-</em></strong></span> 
     </span>
     <span class='ocr_line' id='line_1_3' title="bbox 119 632 1233 724; baseline 0.001 -24"><span class='ocrx_word' id='word_1_11' title='bbox 119 638 226 724; x_wconf 81' lang='lat' dir='ltr'>phane</span> <span class='ocrx_word' id='word_1_12' title='bbox 253 634 395 721; x_wconf 89' lang='lat' dir='ltr'><strong>loquitur</strong></span> <span class='ocrx_word' id='word_1_13' title='bbox 421 633 595 699; x_wconf 79' lang='lat' dir='ltr'><strong>Pindarus,</strong></span> <span class='ocrx_word' id='word_1_14' title='bbox 640 633 755 721; x_wconf 80' lang='lat' dir='ltr'>Neque</span> <span class='ocrx_word' id='word_1_15' title='bbox 780 635 866 716; x_wconf 88' lang='lat' dir='ltr'><strong>seio,</strong></span> <span class='ocrx_word' id='word_1_16' title='bbox 900 657 958 697; x_wconf 87' lang='lat' dir='ltr'><strong>cur</strong></span> <span class='ocrx_word' id='word_1_17' title='bbox 986 632 1091 699; x_wconf 90' lang='lat' dir='ltr'><strong>locum</strong></span> <span class='ocrx_word' id='word_1_18' title='bbox 1117 636 1233 722; x_wconf 89' lang='lat' dir='ltr'><strong>perob-</strong></span> 
     </span>
     <span class='ocr_line' id='line_1_4' title="bbox 123 735 626 824; baseline -0.01 -19"><span class='ocrx_word' id='word_1_19' title='bbox 123 761 253 806; x_wconf 89' lang='lat' dir='ltr'><strong>scurum</strong></span> <span class='ocrx_word' id='word_1_20' title='bbox 275 745 429 824; x_wconf 81' lang='lat' dir='ltr'><strong>queratur</strong></span> <span class='ocrx_word' id='word_1_21' title='bbox 449 735 626 820; x_wconf 84' lang='lat' dir='ltr'><strong>Bergkius.</strong></span> 
     </span>
    </p>
   </div>
   <div class='ocr_carea' id='block_1_3' title="bbox 649 926 700 986">
    <p class='ocr_par' dir='ltr' id='par_1_3' title="bbox 649 926 700 986">
     <span class='ocr_line' id='line_1_5' title="bbox 649 926 700 986; baseline 0 0"><span class='ocrx_word' id='word_1_22' title='bbox 649 926 700 986; x_wconf 87' lang='grc'><strong><em>45.</em></strong></span> 
     </span>
    </p>
   </div>
   <div class='ocr_carea' id='block_1_4' title="bbox 54 1037 1307 2351">
    <p class='ocr_par' dir='ltr' id='par_1_4' title="bbox 54 1037 1307 1536">
     <span class='ocr_line' id='line_1_6' title="bbox 208 1037 1234 1128; baseline -0.002 -18"><span class='ocrx_word' id='word_1_23' title='bbox 208 1042 316 1110; x_wconf 86' lang='lat' dir='ltr'><strong>Schol.</strong></span> <span class='ocrx_word' id='word_1_24' title='bbox 346 1043 439 1107; x_wconf 89' lang='lat' dir='ltr'><strong>Nem.</strong></span> <span class='ocrx_word' id='word_1_25' title='bbox 470 1047 501 1107; x_wconf 85' lang='grc' dir='ltr'><em>Ε</em></span> <span class='ocrx_word' id='word_1_26' title='bbox 529 1045 567 1106; x_wconf 89' lang='grc'><strong><em>10</em></strong></span> <span class='ocrx_word' id='word_1_27' title='bbox 593 1066 625 1128; x_wconf 89' lang='lat' dir='ltr'><strong><em>p.</em></strong></span> <span class='ocrx_word' id='word_1_28' title='bbox 656 1045 717 1106; x_wconf 87' lang='grc'><strong><em>461</em></strong></span> <span class='ocrx_word' id='word_1_29' title='bbox 752 1037 867 1107; x_wconf 83' lang='grc' dir='ltr'><strong><em>ούποι</em></strong></span> <span class='ocrx_word' id='word_1_30' title='bbox 893 1042 1044 1124; x_wconf 82' lang='grc' dir='ltr'><strong><em>γένυσι</em></strong></span> <span class='ocrx_word' id='word_1_31' title='bbox 1070 1047 1234 1126; x_wconf 81' lang='grc' dir='ltr'><em>φαίνων</em></span> 
     </span>
     <span class='ocr_line' id='line_1_7' title="bbox 122 1137 1235 1230; baseline -0.003 -17"><span class='ocrx_word' id='word_1_32' title='bbox 122 1148 320 1230; x_wconf 81' lang='grc' dir='ltr'><strong><em>τέρειναν</em></strong></span> <span class='ocrx_word' id='word_1_33' title='bbox 350 1139 490 1228; x_wconf 86' lang='grc' dir='ltr'><strong><em>ματέρ’</em></strong></span> <span class='ocrx_word' id='word_1_34' title='bbox 523 1139 729 1219; x_wconf 73' lang='grc' dir='ltr'><strong><em>οἰνάνθας,</em></strong></span> <span class='ocrx_word' id='word_1_35' title='bbox 756 1137 944 1226; x_wconf 78' lang='grc' dir='ltr'><strong><em>ὀπώραν·</em></strong></span> <span class='ocrx_word' id='word_1_36' title='bbox 974 1185 1016 1194; x_wconf 84' lang='grc'><strong><em>-</em></strong></span> <span class='ocrx_word' id='word_1_37' title='bbox 1044 1149 1235 1230; x_wconf 79' lang='grc' dir='ltr'><strong><em>Δίδυμος</em></strong></span> 
     </span>
     <span class='ocr_line' id='line_1_8' title="bbox 54 1239 1234 1333; baseline -0.001 -19"><span class='ocrx_word' id='word_1_38' title='bbox 54 1313 58 1324; x_wconf 90' lang='grc'><strong><em>,</em></strong></span> <span class='ocrx_word' id='word_1_39' title='bbox 122 1249 159 1314; x_wconf 76' lang='grc' dir='ltr'><strong><em>δὲ</em></strong></span> <span class='ocrx_word' id='word_1_40' title='bbox 187 1243 321 1333; x_wconf 77' lang='grc' dir='ltr'><strong><em>βέλτιόν</em></strong></span> <span class='ocrx_word' id='word_1_41' title='bbox 350 1264 434 1328; x_wconf 83' lang='grc' dir='ltr'><strong><em>φησι</em></strong></span> <span class='ocrx_word' id='word_1_42' title='bbox 456 1239 501 1330; x_wconf 81' lang='grc' dir='ltr'><strong><em>μὴ</em></strong></span> <span class='ocrx_word' id='word_1_43' title='bbox 524 1240 584 1310; x_wconf 82' lang='grc' dir='ltr'><strong><em>τὸν</em></strong></span> <span class='ocrx_word' id='word_1_44' title='bbox 608 1243 755 1329; x_wconf 89' lang='grc' dir='ltr'><strong><em>καρπόν,</em></strong></span> <span class='ocrx_word' id='word_1_45' title='bbox 781 1239 864 1311; x_wconf 78' lang='grc' dir='ltr'><strong><em>ἀλλὰ</em></strong></span> <span class='ocrx_word' id='word_1_46' title='bbox 893 1242 955 1331; x_wconf 80' lang='grc' dir='ltr'><strong><em>τὴν</em></strong></span> <span class='ocrx_word' id='word_1_47' title='bbox 978 1242 1071 1331; x_wconf 82' lang='grc' dir='ltr'><strong><em>ώραν</em></strong></span> <span class='ocrx_word' id='word_1_48' title='bbox 1086 1243 1234 1332; x_wconf 80' lang='grc' dir='ltr'><strong><em>ἀκούειν,</em></strong></span> 
     </span>
     <span class='ocr_line' id='line_1_9' title="bbox 122 1341 1307 1438; baseline 0 -22"><span class='ocrx_word' id='word_1_49' title='bbox 122 1344 204 1416; x_wconf 86' lang='grc' dir='ltr'><strong><em>καθ’</em></strong></span> <span class='ocrx_word' id='word_1_50' title='bbox 227 1343 270 1432; x_wconf 79' lang='grc' dir='ltr'><strong><em>ἣν</em></strong></span> <span class='ocrx_word' id='word_1_51' title='bbox 293 1342 311 1414; x_wconf 89' lang='grc' dir='ltr'>ὁ</span> <span class='ocrx_word' id='word_1_52' title='bbox 333 1343 461 1431; x_wconf 83' lang='grc' dir='ltr'><strong><em>καρπὸς</em></strong></span> <span class='ocrx_word' id='word_1_53' title='bbox 476 1341 655 1431; x_wconf 86' lang='grc' dir='ltr'><strong><em>ὁμώνυμος</em></strong></span> <span class='ocrx_word' id='word_1_54' title='bbox 671 1350 876 1414; x_wconf 86' lang='grc' dir='ltr'><strong><em>πεπαίνεται.</em></strong></span> <span class='ocrx_word' id='word_1_55' title='bbox 898 1343 951 1414; x_wconf 83' lang='grc' dir='ltr'><strong><em>ὅτι</em></strong></span> <span class='ocrx_word' id='word_1_56' title='bbox 969 1345 1005 1416; x_wconf 76' lang='grc' dir='ltr'><strong><em>δὲ</em></strong></span> <span class='ocrx_word' id='word_1_57' title='bbox 1019 1354 1159 1416; x_wconf 78' lang='grc' dir='ltr'><strong><em>καλοῦσι</em></strong></span> <span class='ocrx_word' id='word_1_58' title='bbox 1175 1347 1235 1416; x_wconf 84' lang='grc' dir='ltr'><strong><em>τὸν</em></strong></span> <span class='ocrx_word' id='word_1_59' title='bbox 1305 1431 1307 1438; x_wconf 21' lang='lat'><strong>¹</strong></span> 
     </span>
     <span class='ocr_line' id='line_1_10' title="bbox 123 1443 754 1536; baseline -0.011 -17"><span class='ocrx_word' id='word_1_60' title='bbox 123 1448 242 1536; x_wconf 83' lang='grc' dir='ltr'><strong><em>καιρὸν</em></strong></span> <span class='ocrx_word' id='word_1_61' title='bbox 262 1445 419 1532; x_wconf 89' lang='grc' dir='ltr'><strong><em>ὀπώραν,</em></strong></span> <span class='ocrx_word' id='word_1_62' title='bbox 434 1443 580 1533; x_wconf 85' lang='grc' dir='ltr'><strong><em>Ὅμηρος</em></strong></span> <span class='ocrx_word' id='word_1_63' title='bbox 603 1450 634 1535; x_wconf 85' lang='grc' dir='ltr'><strong><em>(ξ</em></strong></span> <span class='ocrx_word' id='word_1_64' title='bbox 656 1450 754 1533; x_wconf 82' lang='grc'><strong>384)·</strong></span> 
     </span>
    </p>

    <p class='ocr_par' dir='ltr' id='par_1_5' title="bbox 121 1544 1237 2046">
     <span class='ocr_line' id='line_1_11' title="bbox 250 1544 1191 1639; baseline 0.002 -22"><span class='ocrx_word' id='word_1_65' title='bbox 250 1552 305 1618; x_wconf 80' lang='grc' dir='ltr'><strong><em>καὶ</em></strong></span> <span class='ocrx_word' id='word_1_66' title='bbox 325 1546 407 1635; x_wconf 82' lang='grc' dir='ltr'><strong><em>Ιφάτ’</em></strong></span> <span class='ocrx_word' id='word_1_67' title='bbox 432 1548 630 1618; x_wconf 74' lang='grc' dir='ltr'><strong><em>ἐλεύσεσθαι</em></strong></span> <span class='ocrx_word' id='word_1_68' title='bbox 652 1544 672 1635; x_wconf 80' lang='grc' dir='ltr'><em>ἢ</em></span> <span class='ocrx_word' id='word_1_69' title='bbox 695 1552 732 1615; x_wconf 80' lang='grc' dir='ltr'><strong><em>ἐν</em></strong></span> <span class='ocrx_word' id='word_1_70' title='bbox 753 1552 848 1636; x_wconf 81' lang='grc' dir='ltr'><strong><em>θέρει</em></strong></span> <span class='ocrx_word' id='word_1_71' title='bbox 871 1547 892 1636; x_wconf 77' lang='grc' dir='ltr'><em>ἦ</em></span> <span class='ocrx_word' id='word_1_72' title='bbox 913 1551 951 1616; x_wconf 83' lang='grc' dir='ltr'><strong><em>έν</em></strong></span> <span class='ocrx_word' id='word_1_73' title='bbox 972 1549 1099 1639; x_wconf 79' lang='grc' dir='ltr'><strong><em>ὀπώρῃ.</em></strong></span> <span class='ocrx_word' id='word_1_74' title='bbox 1188 1549 1191 1556; x_wconf 43' lang='lat'><strong>⁴</strong></span> 
     </span>
     <span class='ocr_line' id='line_1_12' title="bbox 121 1643 1233 1740; baseline 0 -17"><span class='ocrx_word' id='word_1_75' title='bbox 121 1659 216 1723; x_wconf 78' lang='grc' dir='ltr'><strong><em>θέλει</em></strong></span> <span class='ocrx_word' id='word_1_76' title='bbox 246 1643 311 1720; x_wconf 89' lang='grc' dir='ltr'><strong><em>ούν</em></strong></span> <span class='ocrx_word' id='word_1_77' title='bbox 333 1653 462 1739; x_wconf 83' lang='grc' dir='ltr'><strong><em>λέγειν,</em></strong></span> <span class='ocrx_word' id='word_1_78' title='bbox 492 1649 543 1719; x_wconf 82' lang='grc' dir='ltr'><strong><em>ὅτι</em></strong></span> <span class='ocrx_word' id='word_1_79' title='bbox 566 1649 661 1719; x_wconf 86' lang='grc' dir='ltr'><strong><em>ούπώ</em></strong></span> <span class='ocrx_word' id='word_1_80' title='bbox 689 1649 808 1737; x_wconf 83' lang='grc' dir='ltr'><strong><em>καιρὸν</em></strong></span> <span class='ocrx_word' id='word_1_81' title='bbox 829 1660 892 1719; x_wconf 85' lang='grc' dir='ltr'><strong><em>τοῦ</em></strong></span> <span class='ocrx_word' id='word_1_82' title='bbox 911 1651 1120 1737; x_wconf 82' lang='grc' dir='ltr'><strong><em>γευειάσκειυ</em></strong></span> <span class='ocrx_word' id='word_1_83' title='bbox 1137 1657 1233 1740; x_wconf 81' lang='grc' dir='ltr'><strong><em>ἔχων.</em></strong></span> 
     </span>
     <span class='ocr_line' id='line_1_13' title="bbox 125 1752 1236 1843; baseline -0.002 -18"><span class='ocrx_word' id='word_1_84' title='bbox 125 1755 292 1840; x_wconf 80' lang='grc' dir='ltr'><strong><em>οίνάνθηυ</em></strong></span> <span class='ocrx_word' id='word_1_85' title='bbox 321 1752 385 1840; x_wconf 83' lang='grc' dir='ltr'><strong><em>γάρ</em></strong></span> <span class='ocrx_word' id='word_1_86' title='bbox 416 1752 499 1821; x_wconf 85' lang='grc' dir='ltr'><strong><em>κατά</em></strong></span> <span class='ocrx_word' id='word_1_87' title='bbox 522 1752 718 1840; x_wconf 81' lang='grc' dir='ltr'><strong><em>μεταφορὰν</em></strong></span> <span class='ocrx_word' id='word_1_88' title='bbox 745 1752 805 1822; x_wconf 86' lang='grc' dir='ltr'><strong><em>τὸν</em></strong></span> <span class='ocrx_word' id='word_1_89' title='bbox 828 1763 946 1822; x_wconf 81' lang='grc' dir='ltr'><strong><em>ίουίου</em></strong></span> <span class='ocrx_word' id='word_1_90' title='bbox 968 1763 1096 1843; x_wconf 75' lang='grc' dir='ltr'><strong><em>εἴρηκε,</em></strong></span> <span class='ocrx_word' id='word_1_91' title='bbox 1119 1759 1236 1824; x_wconf 87' lang='grc' dir='ltr'><strong><em>τουτέ-</em></strong></span> 
     </span>
     <span class='ocr_line' id='line_1_14' title="bbox 123 1855 1237 1945; baseline 0.001 -20"><span class='ocrx_word' id='word_1_92' title='bbox 123 1877 176 1926; x_wconf 90' lang='grc' dir='ltr'><strong><em>στι</em></strong></span> <span class='ocrx_word' id='word_1_93' title='bbox 203 1855 265 1942; x_wconf 81' lang='grc' dir='ltr'><strong><em>τὴν</em></strong></span> <span class='ocrx_word' id='word_1_94' title='bbox 294 1855 431 1945; x_wconf 85' lang='grc' dir='ltr'><strong><em>πρώτην</em></strong></span> <span class='ocrx_word' id='word_1_95' title='bbox 453 1862 521 1924; x_wconf 81' lang='grc' dir='ltr'><strong><em>τών</em></strong></span> <span class='ocrx_word' id='word_1_96' title='bbox 551 1857 737 1942; x_wconf 77' lang='grc' dir='ltr'><strong><em>γενειάδων</em></strong></span> <span class='ocrx_word' id='word_1_97' title='bbox 760 1855 950 1944; x_wconf 85' lang='grc' dir='ltr'><strong><em>άυάφυσιν·</em></strong></span> <span class='ocrx_word' id='word_1_98' title='bbox 981 1857 1089 1944; x_wconf 81' lang='grc' dir='ltr'><strong><em>μήτηρ</em></strong></span> <span class='ocrx_word' id='word_1_99' title='bbox 1113 1858 1150 1925; x_wconf 71' lang='grc' dir='ltr'><strong><em>δὲ</em></strong></span> <span class='ocrx_word' id='word_1_100' title='bbox 1174 1865 1237 1926; x_wconf 85' lang='grc' dir='ltr'><strong><em>τού</em></strong></span> 
     </span>
     <span class='ocr_line' id='line_1_15' title="bbox 123 1955 642 2046; baseline -0.006 -19"><span class='ocrx_word' id='word_1_101' title='bbox 123 1959 331 2046; x_wconf 88' lang='grc' dir='ltr'><strong><em>γενειάσκειυ</em></strong></span> <span class='ocrx_word' id='word_1_102' title='bbox 352 1965 499 2044; x_wconf 90' lang='grc' dir='ltr'><strong><em>γίγνεται</em></strong></span> <span class='ocrx_word' id='word_1_103' title='bbox 519 1955 539 2046; x_wconf 81' lang='grc' dir='ltr'><em>ἡ</em></span> <span class='ocrx_word' id='word_1_104' title='bbox 563 1957 642 2045; x_wconf 82' lang='grc' dir='ltr'><strong><em>ώρα.</em></strong></span> 
     </span>
    </p>

    <p class='ocr_par' dir='ltr' id='par_1_6' title="bbox 123 2063 1235 2351">
     <span class='ocr_line' id='line_1_16' title="bbox 206 2063 1233 2152; baseline 0 -24"><span class='ocrx_word' id='word_1_105' title='bbox 206 2063 250 2128; x_wconf 93' lang='grc' dir='ltr'><strong><em>Η.</em></strong></span> <span class='ocrx_word' id='word_1_106' title='bbox 274 2063 296 2128; x_wconf 93' lang='lat' dir='ltr'><strong><em>l.</em></strong></span> <span class='ocrx_word' id='word_1_107' title='bbox 319 2064 485 2151; x_wconf 85' lang='lat' dir='ltr'><strong>Didymus</strong></span> <span class='ocrx_word' id='word_1_108' title='bbox 507 2073 623 2152; x_wconf 89' lang='lat' dir='ltr'><strong>poetae</strong></span> <span class='ocrx_word' id='word_1_109' title='bbox 643 2071 783 2128; x_wconf 88' lang='lat' dir='ltr'><strong>mentem</strong></span> <span class='ocrx_word' id='word_1_110' title='bbox 804 2065 960 2150; x_wconf 79' lang='lat' dir='ltr'><strong>percepit.</strong></span> <span class='ocrx_word' id='word_1_111' title='bbox 993 2063 1045 2128; x_wconf 82' lang='lat' dir='ltr'><strong><em>Of.</em></strong></span> <span class='ocrx_word' id='word_1_112' title='bbox 1063 2063 1233 2128; x_wconf 84' lang='lat' dir='ltr'><strong>Chaerem.</strong></span> 
     </span>
     <span class='ocr_line' id='line_1_17' title="bbox 123 2165 1235 2253; baseline -0.002 -21"><span class='ocrx_word' id='word_1_113' title='bbox 123 2167 244 2232; x_wconf 83' lang='lat' dir='ltr'><strong>Athen.</strong></span> <span class='ocrx_word' id='word_1_114' title='bbox 267 2166 320 2230; x_wconf 85' lang='lat' dir='ltr'><strong><em>XI</em></strong></span> <span class='ocrx_word' id='word_1_115' title='bbox 339 2190 372 2253; x_wconf 88' lang='lat' dir='ltr'><strong><em>p.</em></strong></span> <span class='ocrx_word' id='word_1_116' title='bbox 391 2169 452 2232; x_wconf 84' lang='lat'><strong><em>608</em></strong></span> <span class='ocrx_word' id='word_1_117' title='bbox 477 2168 530 2253; x_wconf 87' lang='lat' dir='ltr'><strong>(tr.</strong></span> <span class='ocrx_word' id='word_1_118' title='bbox 550 2167 608 2231; x_wconf 85' lang='lat' dir='ltr'><strong>Gr.</strong></span> <span class='ocrx_word' id='word_1_119' title='bbox 624 2166 678 2230; x_wconf 92' lang='grc' dir='ltr'><strong><em>ΙΙΙ</em></strong></span> <span class='ocrx_word' id='word_1_120' title='bbox 699 2189 731 2252; x_wconf 89' lang='lat' dir='ltr'><strong><em>p.</em></strong></span> <span class='ocrx_word' id='word_1_121' title='bbox 748 2169 807 2230; x_wconf 85' lang='lat'><strong><em>133</em></strong></span> <span class='ocrx_word' id='word_1_122' title='bbox 826 2166 876 2231; x_wconf 91' lang='lat' dir='ltr'><strong><em>ed.</em></strong></span> <span class='ocrx_word' id='word_1_123' title='bbox 893 2165 1029 2249; x_wconf 73' lang='lat' dir='ltr'><strong>Wagn.)</strong></span> <span class='ocrx_word' id='word_1_124' title='bbox 1051 2167 1235 2252; x_wconf 85' lang='lat' dir='ltr'><strong>appositum</strong></span> 
     </span>
     <span class='ocr_line' id='line_1_18' title="bbox 124 2265 1235 2351; baseline 0.001 -21"><span class='ocrx_word' id='word_1_125' title='bbox 124 2289 144 2330; x_wconf 90' lang='lat' dir='ltr'><strong>a</strong></span> <span class='ocrx_word' id='word_1_126' title='bbox 164 2267 298 2330; x_wconf 85' lang='lat' dir='ltr'><strong>Dissen.</strong></span> <span class='ocrx_word' id='word_1_127' title='bbox 320 2266 407 2351; x_wconf 88' lang='lat' dir='ltr'><strong>expl.</strong></span> <span class='ocrx_word' id='word_1_128' title='bbox 431 2287 464 2350; x_wconf 84' lang='lat' dir='ltr'><strong><em>p.</em></strong></span> <span class='ocrx_word' id='word_1_129' title='bbox 488 2268 560 2330; x_wconf 81' lang='lat'><strong>392.</strong></span> <span class='ocrx_word' id='word_1_130' title='bbox 582 2268 654 2330; x_wconf 79' lang='lat'><strong>393.</strong></span> <span class='ocrx_word' id='word_1_131' title='bbox 685 2265 822 2329; x_wconf 85' lang='lat' dir='ltr'><strong>Homeri</strong></span> <span class='ocrx_word' id='word_1_132' title='bbox 840 2265 931 2329; x_wconf 91' lang='lat' dir='ltr'><strong>locus</strong></span> <span class='ocrx_word' id='word_1_133' title='bbox 953 2266 1049 2330; x_wconf 87' lang='lat' dir='ltr'><strong>docet</strong></span> <span class='ocrx_word' id='word_1_134' title='bbox 1070 2267 1103 2328; x_wconf 90' lang='lat' dir='ltr'><strong><em>in</em></strong></span> <span class='ocrx_word' id='word_1_135' title='bbox 1122 2266 1235 2331; x_wconf 87' lang='lat' dir='ltr'><strong>scholl.</strong></span> 
     </span>
    </p>
   </div>
   <div class='ocr_carea' id='block_1_5' title="bbox 123 2367 1237 2558">
    <p class='ocr_par' dir='ltr' id='par_1_7' title="bbox 123 2367 1237 2558">
     <span class='ocr_line' id='line_1_19' title="bbox 123 2367 1237 2454; baseline 0 -22"><span class='ocrx_word' id='word_1_136' title='bbox 123 2369 243 2433; x_wconf 89' lang='lat' dir='ltr'><strong>nostris</strong></span> <span class='ocrx_word' id='word_1_137' title='bbox 267 2368 405 2454; x_wconf 83' lang='lat' dir='ltr'><strong>Didymi</strong></span> <span class='ocrx_word' id='word_1_138' title='bbox 437 2368 678 2434; x_wconf 82' lang='lat' dir='ltr'><strong>adnotationem</strong></span> <span class='ocrx_word' id='word_1_139' title='bbox 707 2367 784 2433; x_wconf 89' lang='lat' dir='ltr'><strong>olim</strong></span> <span class='ocrx_word' id='word_1_140' title='bbox 817 2368 983 2433; x_wconf 79' lang='lat' dir='ltr'><strong>exstitisse</strong></span> <span class='ocrx_word' id='word_1_141' title='bbox 1012 2390 1102 2438; x_wconf 89' lang='lat' dir='ltr'><strong>nunc</strong></span> <span class='ocrx_word' id='word_1_142' title='bbox 1124 2368 1237 2454; x_wconf 89' lang='lat' dir='ltr'><strong>deper-</strong></span> 
     </span>
     <span class='ocr_line' id='line_1_20' title="bbox 125 2468 657 2558; baseline -0.006 -21"><span class='ocrx_word' id='word_1_143' title='bbox 125 2472 226 2538; x_wconf 85' lang='lat' dir='ltr'><strong>ditam</strong></span> <span class='ocrx_word' id='word_1_144' title='bbox 249 2468 451 2534; x_wconf 87' lang='lat' dir='ltr'><strong>delectione</strong></span> <span class='ocrx_word' id='word_1_145' title='bbox 474 2468 511 2534; x_wconf 86' lang='grc' dir='ltr'><strong><em>έν</em></strong></span> <span class='ocrx_word' id='word_1_146' title='bbox 531 2493 589 2558; x_wconf 91' lang='lat' dir='ltr'><strong>pro</strong></span> <span class='ocrx_word' id='word_1_147' title='bbox 614 2470 657 2547; x_wconf 87' lang='grc' dir='ltr'><strong><em>ές.</em></strong></span> 
     </span>
    </p>
   </div>
   <div class='ocr_carea' id='block_1_6' title="bbox 657 2662 709 2722">
    <p class='ocr_par' dir='ltr' id='par_1_8' title="bbox 657 2662 709 2722">
     <span class='ocr_line' id='line_1_21' title="bbox 657 2662 709 2722; baseline 0.038 -2"><span class='ocrx_word' id='word_1_148' title='bbox 657 2662 709 2722; x_wconf 90' lang='grc'><strong><em>46.</em></strong></span> 
     </span>
    </p>
   </div>
   <div class='ocr_carea' id='block_1_7' title="bbox 124 2767 1342 3675">
    <p class='ocr_par' dir='ltr' id='par_1_9' title="bbox 125 2767 1342 3063">
     <span class='ocr_line' id='line_1_22' title="bbox 209 2767 1238 2863; baseline -0.001 -23"><span class='ocrx_word' id='word_1_149' title='bbox 209 2775 303 2840; x_wconf 87' lang='lat' dir='ltr'><strong>Nem.</strong></span> <span class='ocrx_word' id='word_1_150' title='bbox 333 2801 353 2854; x_wconf 83' lang='grc' dir='ltr'><strong><em>ς</em></strong></span> <span class='ocrx_word' id='word_1_151' title='bbox 380 2779 420 2840; x_wconf 88' lang='grc'><strong><em>30</em></strong></span> <span class='ocrx_word' id='word_1_152' title='bbox 452 2776 522 2863; x_wconf 88' lang='grc'><strong>(38)</strong></span> <span class='ocrx_word' id='word_1_153' title='bbox 551 2776 787 2840; x_wconf 76' lang='grc' dir='ltr'><strong><em>Σωκλείδα·</em></strong></span> <span class='ocrx_word' id='word_1_154' title='bbox 827 2767 844 2840; x_wconf 86' lang='grc' dir='ltr'>ὁ</span> <span class='ocrx_word' id='word_1_155' title='bbox 873 2773 910 2840; x_wconf 74' lang='grc' dir='ltr'><strong><em>δὲ</em></strong></span> <span class='ocrx_word' id='word_1_156' title='bbox 941 2776 1132 2858; x_wconf 80' lang='grc' dir='ltr'><strong><em>Δίδυμος</em></strong></span> <span class='ocrx_word' id='word_1_157' title='bbox 1160 2780 1238 2839; x_wconf 84' lang='grc' dir='ltr'><strong><em>Σω-</em></strong></span> 
     </span>
     <span class='ocr_line' id='line_1_23' title="bbox 126 2871 1342 2962; baseline -0.002 -20"><span class='ocrx_word' id='word_1_158' title='bbox 126 2880 207 2960; x_wconf 79' lang='grc' dir='ltr'><strong><em>κλῆς</em></strong></span> <span class='ocrx_word' id='word_1_159' title='bbox 235 2877 302 2941; x_wconf 84' lang='grc' dir='ltr'><strong><em>ἐστι</em></strong></span> <span class='ocrx_word' id='word_1_160' title='bbox 336 2872 373 2942; x_wconf 85' lang='grc' dir='ltr'><strong><em>τὸ</em></strong></span> <span class='ocrx_word' id='word_1_161' title='bbox 405 2872 513 2962; x_wconf 88' lang='grc' dir='ltr'><strong><em>ὅυομά</em></strong></span> <span class='ocrx_word' id='word_1_162' title='bbox 543 2895 636 2960; x_wconf 85' lang='grc' dir='ltr'><strong><em>φησι.</em></strong></span> <span class='ocrx_word' id='word_1_163' title='bbox 683 2873 855 2960; x_wconf 81' lang='grc' dir='ltr'><strong><em>παρήγαγε</em></strong></span> <span class='ocrx_word' id='word_1_164' title='bbox 884 2874 921 2939; x_wconf 75' lang='grc' dir='ltr'><strong><em>δὲ</em></strong></span> <span class='ocrx_word' id='word_1_165' title='bbox 949 2871 1032 2940; x_wconf 80' lang='grc' dir='ltr'><strong><em>αὐτὸ</em></strong></span> <span class='ocrx_word' id='word_1_166' title='bbox 1058 2897 1238 2960; x_wconf 86' lang='grc' dir='ltr'><strong><em>πατρωνυ-</em></strong></span> <span class='ocrx_word' id='word_1_167' title='bbox 1341 2953 1342 2958; x_wconf 12' lang='lat'>¹</span> 
     </span>
     <span class='ocr_line' id='line_1_24' title="bbox 125 2974 1302 3063; baseline -0.002 -19"><span class='ocrx_word' id='word_1_168' title='bbox 125 2983 247 3063; x_wconf 82' lang='grc' dir='ltr'><strong><em>μικώς,</em></strong></span> <span class='ocrx_word' id='word_1_169' title='bbox 270 2974 315 3056; x_wconf 77' lang='grc' dir='ltr'><strong><em>ὡς</em></strong></span> <span class='ocrx_word' id='word_1_170' title='bbox 337 2979 418 3056; x_wconf 78' lang='grc' dir='ltr'><strong><em>ἔθος</em></strong></span> <span class='ocrx_word' id='word_1_171' title='bbox 440 2980 508 3043; x_wconf 78' lang='grc' dir='ltr'><strong><em>ἐστὶ</em></strong></span> <span class='ocrx_word' id='word_1_172' title='bbox 527 2990 596 3056; x_wconf 85' lang='grc' dir='ltr'><strong><em>τοῖς</em></strong></span> <span class='ocrx_word' id='word_1_173' title='bbox 614 2990 775 3062; x_wconf 85' lang='grc' dir='ltr'><strong><em>ποιηταίς.</em></strong></span> <span class='ocrx_word' id='word_1_174' title='bbox 1294 2981 1302 2996; x_wconf 88' lang='lat'>&#39;</span> 
     </span>
    </p>

    <p class='ocr_par' dir='ltr' id='par_1_10' title="bbox 124 3080 1286 3675">
     <span class='ocr_line' id='line_1_25' title="bbox 180 3080 1236 3170; baseline 0 -24"><span class='ocrx_word' id='word_1_175' title='bbox 180 3115 181 3118; x_wconf 37' lang='lat'>¹</span> <span class='ocrx_word' id='word_1_176' title='bbox 211 3081 339 3146; x_wconf 87' lang='lat' dir='ltr'><strong>Soclem</strong></span> <span class='ocrx_word' id='word_1_177' title='bbox 357 3083 555 3170; x_wconf 81' lang='lat' dir='ltr'><strong>appellatum</strong></span> <span class='ocrx_word' id='word_1_178' title='bbox 572 3082 644 3146; x_wconf 88' lang='lat' dir='ltr'><strong>vult</strong></span> <span class='ocrx_word' id='word_1_179' title='bbox 658 3085 822 3146; x_wconf 89' lang='lat' dir='ltr'><strong>nescimus</strong></span> <span class='ocrx_word' id='word_1_180' title='bbox 839 3102 903 3168; x_wconf 87' lang='lat' dir='ltr'><strong><em>qua</em></strong></span> <span class='ocrx_word' id='word_1_181' title='bbox 918 3080 1021 3145; x_wconf 89' lang='lat' dir='ltr'><strong>fretus</strong></span> <span class='ocrx_word' id='word_1_182' title='bbox 1032 3082 1236 3146; x_wconf 87' lang='lat' dir='ltr'><strong>auctoritate.</strong></span> 
     </span>
     <span class='ocr_line' id='line_1_26' title="bbox 125 3182 1236 3270; baseline -0.001 -22"><span class='ocrx_word' id='word_1_183' title='bbox 125 3183 250 3249; x_wconf 79' lang='lat' dir='ltr'><strong>Tamen</strong></span> <span class='ocrx_word' id='word_1_184' title='bbox 277 3191 444 3248; x_wconf 83' lang='lat' dir='ltr'><strong>auctorem</strong></span> <span class='ocrx_word' id='word_1_185' title='bbox 472 3184 514 3249; x_wconf 83' lang='lat' dir='ltr'><strong><em>ab</em></strong></span> <span class='ocrx_word' id='word_1_186' title='bbox 543 3206 580 3248; x_wconf 90' lang='lat' dir='ltr'><strong><em>eo</em></strong></span> <span class='ocrx_word' id='word_1_187' title='bbox 602 3184 785 3270; x_wconf 83' lang='lat' dir='ltr'><strong>appositum</strong></span> <span class='ocrx_word' id='word_1_188' title='bbox 805 3183 908 3247; x_wconf 84' lang='lat' dir='ltr'><strong>fuisse</strong></span> <span class='ocrx_word' id='word_1_189' title='bbox 930 3183 1038 3246; x_wconf 88' lang='lat' dir='ltr'><strong>credo.</strong></span> <span class='ocrx_word' id='word_1_190' title='bbox 1082 3182 1236 3247; x_wconf 87' lang='lat' dir='ltr'><strong>Habebat</strong></span> 
     </span>
     <span class='ocr_line' id='line_1_27' title="bbox 125 3280 1286 3372; baseline -0.002 -22"><span class='ocrx_word' id='word_1_191' title='bbox 125 3287 213 3350; x_wconf 91' lang='lat' dir='ltr'><strong>enim</strong></span> <span class='ocrx_word' id='word_1_192' title='bbox 235 3280 433 3369; x_wconf 82' lang='grc' dir='ltr'><strong><em>ἀναγραφάς</em></strong></span> <span class='ocrx_word' id='word_1_193' title='bbox 445 3290 674 3370; x_wconf 84' lang='grc' dir='ltr'><strong><em>Νεμεονικώυ,</em></strong></span> <span class='ocrx_word' id='word_1_194' title='bbox 697 3286 740 3350; x_wconf 87' lang='lat' dir='ltr'><strong><em>cf.</em></strong></span> <span class='ocrx_word' id='word_1_195' title='bbox 758 3285 859 3349; x_wconf 86' lang='lat' dir='ltr'><strong>schol.</strong></span> <span class='ocrx_word' id='word_1_196' title='bbox 874 3285 968 3349; x_wconf 87' lang='lat' dir='ltr'><strong>Nem.</strong></span> <span class='ocrx_word' id='word_1_197' title='bbox 980 3284 1065 3349; x_wconf 90' lang='lat' dir='ltr'>VIII</span> <span class='ocrx_word' id='word_1_198' title='bbox 1081 3288 1095 3346; x_wconf 90' lang='lat'>1</span> <span class='ocrx_word' id='word_1_199' title='bbox 1113 3285 1235 3372; x_wconf 78' lang='lat' dir='ltr'><strong>Jsthm.</strong></span> <span class='ocrx_word' id='word_1_200' title='bbox 1282 3325 1286 3334; x_wconf 90' lang='lat'><em>·</em></span> 
     </span>
     <span class='ocr_line' id='line_1_28' title="bbox 125 3388 1237 3474; baseline 0 -22"><span class='ocrx_word' id='word_1_201' title='bbox 125 3391 168 3471; x_wconf 94' lang='grc' dir='ltr'><strong><em>γδ</em></strong></span> <span class='ocrx_word' id='word_1_202' title='bbox 184 3391 282 3453; x_wconf 89' lang='lat' dir='ltr'><strong>inser.</strong></span> <span class='ocrx_word' id='word_1_203' title='bbox 326 3389 384 3454; x_wconf 87' lang='lat' dir='ltr'><strong><em>Uti</em></strong></span> <span class='ocrx_word' id='word_1_204' title='bbox 408 3389 469 3453; x_wconf 88' lang='lat' dir='ltr'><strong><em>hoe</em></strong></span> <span class='ocrx_word' id='word_1_205' title='bbox 489 3391 587 3454; x_wconf 88' lang='lat' dir='ltr'><strong>etiam</strong></span> <span class='ocrx_word' id='word_1_206' title='bbox 613 3389 762 3474; x_wconf 84' lang='lat' dir='ltr'><strong>exemplo</strong></span> <span class='ocrx_word' id='word_1_207' title='bbox 781 3388 949 3452; x_wconf 85' lang='lat' dir='ltr'><strong>Nauckius</strong></span> <span class='ocrx_word' id='word_1_208' title='bbox 972 3396 1100 3472; x_wconf 88' lang='lat' dir='ltr'><strong>poterat</strong></span> <span class='ocrx_word' id='word_1_209' title='bbox 1120 3389 1154 3451; x_wconf 91' lang='lat' dir='ltr'><strong><em>in</em></strong></span> <span class='ocrx_word' id='word_1_210' title='bbox 1178 3388 1237 3452; x_wconf 89' lang='lat' dir='ltr'><strong>Ar.</strong></span> 
     </span>
     <span class='ocr_line' id='line_1_29' title="bbox 124 3489 1238 3576; baseline -0.002 -22"><span class='ocrx_word' id='word_1_211' title='bbox 124 3491 207 3576; x_wconf 79' lang='lat' dir='ltr'><strong>Byr.</strong></span> <span class='ocrx_word' id='word_1_212' title='bbox 236 3513 268 3576; x_wconf 90' lang='lat' dir='ltr'><strong><em>p.</em></strong></span> <span class='ocrx_word' id='word_1_213' title='bbox 299 3493 318 3552; x_wconf 83' lang='lat'><strong>2</strong></span> <span class='ocrx_word' id='word_1_214' title='bbox 344 3493 418 3555; x_wconf 91' lang='lat' dir='ltr'><strong><em>n.3</em></strong></span> <span class='ocrx_word' id='word_1_215' title='bbox 448 3492 486 3555; x_wconf 88' lang='lat' dir='ltr'><strong><em>T.</em></strong></span> <span class='ocrx_word' id='word_1_216' title='bbox 509 3490 637 3554; x_wconf 89' lang='lat' dir='ltr'><strong>Hemst.</strong></span> <span class='ocrx_word' id='word_1_217' title='bbox 661 3489 705 3554; x_wconf 90' lang='lat' dir='ltr'><strong><em>ad</em></strong></span> <span class='ocrx_word' id='word_1_218' title='bbox 730 3489 867 3552; x_wconf 88' lang='lat' dir='ltr'><strong>Lucian.</strong></span> <span class='ocrx_word' id='word_1_219' title='bbox 890 3489 974 3552; x_wconf 89' lang='lat' dir='ltr'><strong>Tim.</strong></span> <span class='ocrx_word' id='word_1_220' title='bbox 996 3511 1029 3572; x_wconf 94' lang='lat' dir='ltr'><strong><em>p.</em></strong></span> <span class='ocrx_word' id='word_1_221' title='bbox 1060 3493 1119 3552; x_wconf 86' lang='lat'><strong><em>157</em></strong></span> <span class='ocrx_word' id='word_1_222' title='bbox 1143 3489 1238 3552; x_wconf 88' lang='lat' dir='ltr'><strong>etad</strong></span> 
     </span>
     <span class='ocr_line' id='line_1_30' title="bbox 127 3588 1238 3675; baseline -0.003 -19"><span class='ocrx_word' id='word_1_223' title='bbox 127 3591 228 3656; x_wconf 89' lang='lat' dir='ltr'><strong>schol.</strong></span> <span class='ocrx_word' id='word_1_224' title='bbox 251 3592 354 3656; x_wconf 85' lang='lat' dir='ltr'><strong>Arist.</strong></span> <span class='ocrx_word' id='word_1_225' title='bbox 386 3591 472 3656; x_wconf 85' lang='lat' dir='ltr'><strong>Plut.</strong></span> <span class='ocrx_word' id='word_1_226' title='bbox 495 3617 527 3657; x_wconf 87' lang='lat' dir='ltr'><strong><em>v.</em></strong></span> <span class='ocrx_word' id='word_1_227' title='bbox 551 3594 613 3656; x_wconf 83' lang='lat'><strong><em>926</em></strong></span> <span class='ocrx_word' id='word_1_228' title='bbox 641 3591 707 3656; x_wconf 88' lang='lat' dir='ltr'><strong>vol.</strong></span> <span class='ocrx_word' id='word_1_229' title='bbox 729 3591 746 3654; x_wconf 93' lang='grc' dir='ltr'>Ι</span> <span class='ocrx_word' id='word_1_230' title='bbox 767 3613 799 3675; x_wconf 95' lang='lat' dir='ltr'><strong><em>p.</em></strong></span> <span class='ocrx_word' id='word_1_231' title='bbox 822 3591 882 3653; x_wconf 83' lang='lat'><strong><em>281</em></strong></span> <span class='ocrx_word' id='word_1_232' title='bbox 905 3589 986 3652; x_wconf 87' lang='lat' dir='ltr'><strong>Ddf.</strong></span> <span class='ocrx_word' id='word_1_233' title='bbox 1011 3588 1173 3653; x_wconf 82' lang='lat' dir='ltr'><strong>Gerhard.</strong></span> <span class='ocrx_word' id='word_1_234' title='bbox 1197 3589 1238 3653; x_wconf 88' lang='lat' dir='ltr'><strong><em>de</em></strong></span> 
     </span>
    </p>
   </div>
   <div class='ocr_carea' id='block_1_8' title="bbox 124 3693 696 3838">
    <p class='ocr_par' dir='ltr' id='par_1_11' title="bbox 124 3693 696 3838">
     <span class='ocr_line' id='line_1_31' title="bbox 124 3693 696 3838; baseline 0.002 -81"><span class='ocrx_word' id='word_1_235' title='bbox 124 3693 316 3758; x_wconf 83' lang='lat' dir='ltr'><strong>Aristarcho</strong></span> <span class='ocrx_word' id='word_1_236' title='bbox 337 3718 370 3780; x_wconf 88' lang='lat' dir='ltr'><strong><em>p.</em></strong></span> <span class='ocrx_word' id='word_1_237' title='bbox 392 3694 452 3758; x_wconf 91' lang='lat' dir='ltr'><strong><em>VI.</em></strong></span> <span class='ocrx_word' id='word_1_238' title='bbox 655 3779 696 3838; x_wconf 66' lang='lat'><strong><em>47</em></strong></span> 
     </span>
    </p>
   </div>
   <div class='ocr_carea' id='block_1_9' title="bbox 124 3879 1242 4389">
    <p class='ocr_par' dir='ltr' id='par_1_12' title="bbox 124 3879 1242 4389">
     <span class='ocr_line' id='line_1_32' title="bbox 211 3879 1242 3980; baseline -0.006 -23"><span class='ocrx_word' id='word_1_239' title='bbox 211 3893 256 3957; x_wconf 87' lang='lat' dir='ltr'><strong><em>ib.</em></strong></span> <span class='ocrx_word' id='word_1_240' title='bbox 281 3897 321 3957; x_wconf 87' lang='lat'><strong><em>53</em></strong></span> <span class='ocrx_word' id='word_1_241' title='bbox 346 3918 378 3980; x_wconf 91' lang='lat' dir='ltr'><strong><em>p.</em></strong></span> <span class='ocrx_word' id='word_1_242' title='bbox 406 3898 469 3959; x_wconf 86' lang='grc'><strong><em>470</em></strong></span> <span class='ocrx_word' id='word_1_243' title='bbox 495 3894 780 3960; x_wconf 88' lang='grc' dir='ltr'><strong><em>Βασσίδαισιν</em></strong></span> <span class='ocrx_word' id='word_1_244' title='bbox 813 3884 874 3954; x_wconf 75' lang='grc' dir='ltr'><strong><em>ἅτ’</em></strong></span> <span class='ocrx_word' id='word_1_245' title='bbox 903 3883 950 3954; x_wconf 91' lang='grc' dir='ltr'><strong><em>ού</em></strong></span> <span class='ocrx_word' id='word_1_246' title='bbox 979 3879 1190 3966; x_wconf 77' lang='grc' dir='ltr'><strong><em>σπανίζέι·</em></strong></span> <span class='ocrx_word' id='word_1_247' title='bbox 1223 3881 1242 3952; x_wconf 84' lang='grc' dir='ltr'><em>ὃ</em></span> 
     </span>
     <span class='ocr_line' id='line_1_33' title="bbox 125 3988 1237 4079; baseline -0.01 -17"><span class='ocrx_word' id='word_1_248' title='bbox 125 4003 159 4062; x_wconf 84' lang='lat' dir='ltr'><em>A</em></span> <span class='ocrx_word' id='word_1_249' title='bbox 168 3994 317 4079; x_wconf 90' lang='grc' dir='ltr'><strong><em>ίδυμός</em></strong></span> <span class='ocrx_word' id='word_1_250' title='bbox 347 4014 445 4078; x_wconf 81' lang='grc' dir='ltr'><strong><em>φησι·</em></strong></span> <span class='ocrx_word' id='word_1_251' title='bbox 476 3993 637 4078; x_wconf 81' lang='grc' dir='ltr'><strong><em>προσήκει</em></strong></span> <span class='ocrx_word' id='word_1_252' title='bbox 667 3988 814 4077; x_wconf 80' lang='grc' dir='ltr'><strong><em>γράφειν</em></strong></span> <span class='ocrx_word' id='word_1_253' title='bbox 834 3991 1096 4077; x_wconf 85' lang='grc' dir='ltr'><strong><em>Βουδίδαι(σιν).</em></strong></span> <span class='ocrx_word' id='word_1_254' title='bbox 1141 3990 1237 4071; x_wconf 83' lang='grc' dir='ltr'><strong><em>γενέ-</em></strong></span> 
     </span>
     <span class='ocr_line' id='line_1_34' title="bbox 126 4081 1238 4178; baseline -0.006 -18"><span class='ocrx_word' id='word_1_255' title='bbox 126 4103 208 4160; x_wconf 88' lang='grc' dir='ltr'><strong><em>σθαι</em></strong></span> <span class='ocrx_word' id='word_1_256' title='bbox 238 4095 303 4178; x_wconf 90' lang='grc' dir='ltr'><strong><em>γάρ</em></strong></span> <span class='ocrx_word' id='word_1_257' title='bbox 332 4119 407 4160; x_wconf 91' lang='grc' dir='ltr'><strong><em>τινα</em></strong></span> <span class='ocrx_word' id='word_1_258' title='bbox 433 4097 611 4172; x_wconf 84' lang='grc' dir='ltr'><strong><em>Βουδίωνα</em></strong></span> <span class='ocrx_word' id='word_1_259' title='bbox 639 4095 676 4159; x_wconf 79' lang='grc' dir='ltr'><strong><em>ἐν</em></strong></span> <span class='ocrx_word' id='word_1_260' title='bbox 705 4096 840 4177; x_wconf 76' lang='grc' dir='ltr'><strong><em>Αἰγίνῃ,</em></strong></span> <span class='ocrx_word' id='word_1_261' title='bbox 870 4086 933 4174; x_wconf 79' lang='grc' dir='ltr'><strong><em>ἀφ’</em></strong></span> <span class='ocrx_word' id='word_1_262' title='bbox 964 4081 1007 4154; x_wconf 84' lang='grc' dir='ltr'><strong><em>ού</em></strong></span> <span class='ocrx_word' id='word_1_263' title='bbox 1033 4087 1238 4171; x_wconf 87' lang='grc' dir='ltr'><strong><em>κατάγεσθαι</em></strong></span> 
     </span>
     <span class='ocr_line' id='line_1_35' title="bbox 126 4191 1237 4281; baseline -0.008 -19"><span class='ocrx_word' id='word_1_264' title='bbox 126 4194 338 4281; x_wconf 76' lang='grc' dir='ltr'><strong><em>γενεάυ,τὴν</em></strong></span> <span class='ocrx_word' id='word_1_265' title='bbox 365 4199 554 4262; x_wconf 85' lang='grc' dir='ltr'><strong><em>Βονδιδώυ.</em></strong></span> <span class='ocrx_word' id='word_1_266' title='bbox 605 4191 833 4280; x_wconf 82' lang='grc' dir='ltr'><strong><em>μνημονεύειν</em></strong></span> <span class='ocrx_word' id='word_1_267' title='bbox 854 4191 908 4256; x_wconf 86' lang='grc' dir='ltr'><strong><em>-δέ</em></strong></span> <span class='ocrx_word' id='word_1_268' title='bbox 934 4207 1018 4274; x_wconf 84' lang='grc' dir='ltr'><strong><em>φασι</em></strong></span> <span class='ocrx_word' id='word_1_269' title='bbox 1043 4193 1237 4266; x_wconf 86' lang='grc' dir='ltr'><strong><em>Βουδίωνος</em></strong></span> 
     </span>
     <span class='ocr_line' id='line_1_36' title="bbox 124 4287 1237 4389; baseline -0.012 -20"><span class='ocrx_word' id='word_1_270' title='bbox 124 4302 344 4369; x_wconf 86' lang='grc' dir='ltr'><strong><em>Πνθαίνετον</em></strong></span> <span class='ocrx_word' id='word_1_271' title='bbox 372 4299 410 4367; x_wconf 84' lang='grc' dir='ltr'><strong><em>ἐν</em></strong></span> <span class='ocrx_word' id='word_1_272' title='bbox 438 4296 559 4389; x_wconf 74' lang='grc' dir='ltr'><strong><em>πρώτῳ</em></strong></span> <span class='ocrx_word' id='word_1_273' title='bbox 579 4299 807 4386; x_wconf 78' lang='grc' dir='ltr'><strong><em>Αίγινητικώυ</em></strong></span> <span class='ocrx_word' id='word_1_274' title='bbox 829 4289 1003 4379; x_wconf 79' lang='grc' dir='ltr'><strong><em>γράφοντα</em></strong></span> <span class='ocrx_word' id='word_1_275' title='bbox 1021 4287 1111 4362; x_wconf 80' lang='grc' dir='ltr'><strong><em>οὕτω</em></strong></span> <span class='ocrx_word' id='word_1_276' title='bbox 1142 4290 1237 4375; x_wconf 61' lang='grc' dir='ltr'><strong><em>*περὶ</em></strong></span> 
     </span>
    </p>
   </div>
   <div class='ocr_carea' id='block_1_10' title="bbox 0 0 1460 4890">
    <p class='ocr_par' dir='ltr' id='par_1_13' title="bbox 0 0 1460 4890">
     <span class='ocr_line' id='line_1_37' title="bbox 0 0 1460 4890; baseline 0 0"><span class='ocrx_word' id='word_1_277' title='bbox 0 0 1460 4890; x_wconf 95' lang='lat' dir='ltr'><strong><em> </em></strong></span> 
     </span>
    </p>
   </div>
  </div>
 </body>
</html>
