2812 4868
719 507 754 588 4.

542 655 655 736 Λίξεις
674 643 921 742 Ἱπποκράτους.

263 792 400 880 Scripsit
411 795 498 858 idem
512 791 615 870 λέξεις
622 784 863 875 Ἱπποκράτους
874 801 957 858 teste
970 793 1127 858 Erotiano
1138 815 1170 878 p.
1186 793 1225 853 12
1237 791 1288 856 ed.

177 896 253 961 Frz.
275 899 350 960 τῶν
380 893 417 959 δὲ
453 897 692 978 γραμματικῶν
719 889 783 960 ούκ
804 896 894 960 ἔστιν
917 889 1009 972 ὅστις
1029 891 1203 979 ἐλλόγιμος
1226 917 1288 978 φα-

177 999 246 1074 νεὶς
268 1001 421 1082 παρῆλθε
444 991 504 1061 τδν
526 990 644 1081 ἄνδρα.
681 991 752 1062 ”Ere
772 991 805 1061 δ’
827 991 1039 1081 Ἀρίσταρχος
1061 994 1137 1081 περὶ
1159 985 1208 1060 οὖν
1231 1002 1311 1079 ye—¹
1356 1072 1365 1085 ‚

177 1096 348 1182 γράφασιν
372 1094 585 1184 Ἀριστοκλῆς
612 1097 667 1164 καὶ
684 1093 896 1183 Ἀριστοπίας
915 1099 950 1163 oi
963 1094 1094 1164 Ῥόδιοι.
1131 1097 1185 1162 καὶ
1208 1093 1289 1181 μετά

176 1198 303 1279 πάντας
321 1196 509 1285 Ἀντίγονος
530 1198 585 1266 καὶ
599 1203 752 1285 Δίδυμος
770 1201 804 1265 oi
814 1195 1048 1285 Ἀλεξανδρεῖς.
1082 1200 1189 1266 Locus
1206 1201 1289 1266 miro

176 1305 273 1370 modo
285 1304 433 1369 turbatus
447 1297 506 1385 est,
520 1325 581 1367 nec
592 1303 656 1367 nisi
672 1302 828 1368 audacius
844 1303 1050 1389 transpositis
1066 1301 1176 1367 verbis
1192 1302 1289 1367 facile

177 1406 353 1472 sanandus.
376 1405 539 1492 Equidem
561 1426 628 1472 non
650 1404 762 1468 dubito
783 1407 861 1493 quin
883 1405 959 1468 huic
974 1425 1065 1468 meae
1083 1405 1290 1468 coniecturae

176 1529 346 1572 assensum
364 1506 545 1593 praebituri
565 1507 631 1570 sint
649 1505 804 1571 lectores:
825 1545 866 1556 -
892 1503 952 1572 τὸν
978 1499 1097 1590 άνδρα.
1133 1505 1199 1570 Καὶ
1224 1499 1288 1589 γάρ

63 1617 65 1622 ’
177 1603 194 1672 ὁ
224 1601 469 1690 ἀναλεξάμενος
500 1601 606 1671 αὐτὸν
633 1601 819 1692 Εὐφορίων
846 1611 957 1672 πᾶσαν
985 1603 1172 1672 ἐσπούδασε
1200 1605 1290 1683 λέξιν

177 1705 402 1793 ἐξηγήσασθαι
425 1707 482 1772 διά
498 1712 639 1794 βιβλίων
662 1707 710 1786 ἕξ,
743 1709 819 1792 περὶ
842 1699 890 1773 siv
912 1707 1121 1792 γεγράφασιν
1140 1701 1290 1791 Ἀριστο-

177 1815 258 1894 κλῆς
287 1809 342 1876 καὶ
367 1805 534 1893 Ἀριστίας
554 1811 598 1898 ὀί
611 1804 740 1875 Ῥόδιοι.
779 1813 827 1877 ἔτι
847 1810 883 1875 δὲ
902 1805 1112 1895 Ἀρίσταρχος
1134 1809 1188 1874 καὶ
1208 1805 1290 1891 μετὰ

74 1919 75 1922 ’
177 1909 304 1988 πάντας
323 1905 512 1994 Ἀντίγονος
534 1910 590 1976 καὶ
612 1914 764 1996 Δίδυμος
787 1914 821 1977 oi
836 1909 1072 1996 Ἀλεξανδρεῖς.
1118 1912 1183 1976 Pro
1206 1905 1290 1975 άνα-

178 2013 243 2090 λεξ.
274 2012 419 2078 Meinek.
442 2012 540 2077 anall.
564 2013 661 2078 Alex.
685 2037 717 2100 p.
742 2016 781 2077 29
803 2013 941 2079 rescribi
960 2013 1049 2078 iubet
1071 2007 1202 2090 άναδεξ.
1227 2007 1290 2076 αύ-

177 2111 237 2180 τδν
261 2115 477 2203 subauditque
493 2117 727 2204 Lysimachum
740 2115 859 2181 Coum:
882 2115 1021 2181 fortasse
1036 2123 1133 2198 recte,
1149 2114 1290 2180 fortasse

176 2239 242 2282 non
268 2226 365 2282 reete.
410 2217 543 2283 Etenim
569 2217 782 2304 praelegendi
812 2218 901 2282 notio
923 2229 1166 2303 nonnumquam
1187 2207 1313 2280 verbo'

176 2313 400 2401 άναλίγεσδαι
419 2322 627 2407 exprimitur:
651 2321 694 2385 cf.
707 2321 844 2386 Lucian.
858 2342 928 2384 ene.
942 2319 1038 2383 Dem.
1051 2318 1187 2382 XXVII
1202 2327 1225 2382 t.
1238 2317 1291 2382 III

177 2424 238 2485 510
260 2421 320 2485 Ra.
355 2422 393 2485 F.
412 2422 540 2487 Iacobs.
561 2422 604 2487 ad
625 2424 727 2509 epigr.
750 2421 878 2487 Gallim.
902 2425 941 2486 60
964 2419 1064 2485 schol.
1084 2418 1184 2485 Dion.
1209 2419 1288 2485 Thr.
1325 2501 1328 2506 ,

157 2520 249 2604 725,
273 2524 323 2586 31.
351 2522 481 2588 Aelian.
499 2548 532 2589 v.
545 2524 578 2588 h.
592 2524 677 2588 XIV
692 2526 742 2588 20.
771 2523 924 2610 Xenoph.
945 2522 1040 2587 anab.
1061 2521 1097 2585 II
1121 2526 1148 2604 1,
1175 2527 1212 2585 17
1237 2521 1288 2586 ed.

177 2624 301 2709 Krueg.
333 2647 366 2711 p.
395 2628 432 2690 61
464 2648 494 2690 a.
526 2628 618 2691 1845.
669 2626 856 2712 Asclepiad.
890 2626 993 2712 epigr.
1028 2626 1114 2688 inter
1146 2623 1293 2688 Iensian.'

176 2747 209 2788 n.
233 2729 294 2788 757
320 2747 353 2811 p.
378 2729 437 2790 157
459 2727 543 2792 Rsk.
587 2727 703 2815 Itaque
726 2727 902 2802 Erotienus
930 2725 992 2789 hoc
1020 2725 1160 2790 fortasse
1175 2722 1288 2807 voluit,

176 2836 212 2891 ut
233 2827 468 2912 Hippocratem
487 2829 529 2894 ab
545 2829 754 2916 Euphorione
773 2851 839 2893 non
859 2828 955 2894 modo
975 2850 1035 2892 sex
1055 2825 1177 2904 λέξεων
1194 2825 1290 2892 libris

177 2915 383 3010 illustratum,
402 2928 461 2993 sed
483 2931 581 2993 etiam
604 2953 678 2995 cum
701 2930 870 3016 discipulis
891 2929 1010 2995 lectum
1033 2951 1104 2994 esse
1127 2931 1288 2996 innueret.
1320 2997 1322 3001 ,

176 3027 223 3092 Ut
243 3050 322 3092 vero
346 3029 477 3114 largiar,
496 3031 689 3097 Erotianum
711 3026 954 3115 ἀναδεξάμενος
976 3033 1157 3118 scripsisse,
1179 3041 1290 3098 tamen

138 3209 142 3216 1
178 3125 283 3194 αὐτὸν
303 3131 346 3196 ad
359 3130 592 3218 Lysimachum
606 3134 770 3219 respicere
785 3131 893 3197 nullus
912 3123 1066 3220 umquam
1082 3133 1287 3218 crediderim,

177 3231 236 3296 scd
257 3227 373 3297 Λύκον
396 3236 609 3317 correxerim,
629 3241 665 3298 ut
686 3233 797 3320 Lycus
820 3235 1029 3320 intellegatur
1051 3234 1288 3321 Neapolitanus

176 3334 322 3400 medicus
334 3334 567 3419 nobilissimo,
590 3358 654 3423 quo
670 3334 711 3401 de
728 3336 796 3401 rid.
812 3336 899 3401 Plin.
913 3336 948 3400 h.
960 3359 992 3400 n.
1010 3335 1079 3400 XX
1091 3339 1131 3400 20
1152 3337 1257 3400 XXX
1272 3342 1285 3400 l.

176 3435 323 3501 Erotian.
355 3460 387 3524 p.
410 3440 481 3502 216.
527 3438 641 3526 Neque
668 3461 747 3505 vero
775 3440 896 3504 criticis
919 3439 1067 3504 inaudita
1090 3447 1140 3503 est
1161 3460 1288 3526 permu-

175 3539 255 3602 tatio
283 3561 373 3603 voec.
405 3532 506 3616 αύτός
528 3548 560 3605 et
581 3536 694 3617 Λύκος
718 3541 786 3605 vid.
812 3541 852 3605 R.
875 3541 991 3626 Unger
1020 3539 1124 3604 Theb.
1151 3540 1288 3626 paradd.

176 3642 237 3704 384
268 3640 356 3727 (coll.
380 3649 422 3705 et.
445 3663 487 3705 m.
511 3644 582 3726 593,
605 3642 671 3726 27).
710 3642 803 3707 Idem
833 3642 988 3707 mendum
1009 3633 1088 3706 tolle
1111 3663 1154 3705 ex
1175 3639 1287 3726 Steph.

175 3740 257 3825 Byr.
287 3744 362 3823 173,
394 3742 483 3806 1οΜ
522 3747 666 3809 Βοιωτία
693 3782 736 3795 -
765 3743 925 3828 γενέσθαι
965 3743 1003 3807 δέ
1027 3758 1110 3826 φασι
1138 3736 1289 3806 Βοιωτὸν

172 3832 307 3903 Ἰτοίνον
328 3843 391 3904 τοῦ
406 3835 650 3926 Ἀμφικτύονος
671 3849 733 3909 τού
754 3839 829 3909 κατ’
851 3839 957 3908 αύτδν
976 3842 1143 3925 νεωίίρον
1159 3845 1228 3904 τῶν
1246 3848 1289 3906 Δ.

175 3937 230 4004 καὶ
251 3944 294 4004 Π.
317 3943 456 4007 παίδων.
487 3946 528 4009 A.
551 3947 695 4012 Meinek.
726 3951 798 4012 ‘lit
821 3940 922 4011 κατά
945 3939 1041 4010 cdv?
1075 3952 1111 4008 ut
1130 3943 1291 4008 exciderit

176 4043 341 4128 scriptoris
358 4066 476 4110 nomen
492 4047 571 4132 [?]';
586 4049 685 4113 immo
702 4046 785 4114 κατά
795 4047 923 4116 Λύκον.
942 4046 1050 4112 Schol.
1062 4043 1289 4132 Apoll.Rhod.

175 4141 273 4206 1741
303 4137 321 4207 ὁ
351 4137 384 4208 δ’
417 4139 518 4224 αύτός
548 4147 603 4212 καὶ
635 4145 845 4232 Φερεκύδηςς
877 4149 942 4233 leg.
977 4169 1028 4211 me
1060 4146 1167 4211 iudice
1200 4139 1218 4209 ὁ
1251 4143 1289 4208 δὲ

128 4283 135 4290 -
174 4239 287 4320 Λύκος
317 4244 372 4309 καὶ
400 4251 480 4332 Φερ.
518 4248 609 4315 Suid.
633 4241 702 4313 111
733 4272 766 4336 p.
789 4251 818 4314 8.
854 4244 899 4326 ύς
927 4245 964 4314 δὲ
991 4241 1188 4325 αύτδςδτά
1211 4245 1288 4330 περὶ
