<?xml version="1.0" encoding="UTF-8"?>
<!DOCTYPE html PUBLIC "-//W3C//DTD XHTML 1.0 Transitional//EN"
    "http://www.w3.org/TR/xhtml1/DTD/xhtml1-transitional.dtd">
<html xmlns="http://www.w3.org/1999/xhtml" xml:lang="en" lang="en">
 <head>
  <title>
</title>
<meta http-equiv="Content-Type" content="text/html;charset=utf-8" />
  <meta name='ocr-system' content='tesseract 3.04.00' />
  <meta name='ocr-capabilities' content='ocr_page ocr_carea ocr_par ocr_line ocrx_word'/>
</head>
<body>
  <div class='ocr_page' id='page_1' title='image "./didymichalcente01schmgoog_0159.png"; bbox 0 0 2806 4860; ppageno 0'>
   <div class='ocr_carea' id='block_1_1' title="bbox 220 353 869 438">
    <p class='ocr_par' dir='ltr' id='par_1_1' title="bbox 220 353 869 438">
     <span class='ocr_line' id='line_1_1' title="bbox 220 353 869 438; baseline 0.005 -3"><span class='ocrx_word' id='word_1_1' title='bbox 220 373 279 435; x_wconf 80' lang='grc' dir='ltr'><strong><em>ιω</em></strong></span> <span class='ocrx_word' id='word_1_2' title='bbox 462 353 464 358; x_wconf 83' lang='grc'><strong>’</strong></span> <span class='ocrx_word' id='word_1_3' title='bbox 599 376 869 438; x_wconf 77' lang='grc' dir='ltr'><em>--Κ-</em></span> 
     </span>
    </p>
   </div>
   <div class='ocr_carea' id='block_1_2' title="bbox 215 533 1339 4388">
    <p class='ocr_par' dir='ltr' id='par_1_2' title="bbox 301 533 1331 627">
     <span class='ocr_line' id='line_1_2' title="bbox 301 533 1331 627; baseline 0.002 -21"><span class='ocrx_word' id='word_1_4' title='bbox 301 546 371 607; x_wconf 91' lang='grc'><strong><em>146.</em></strong></span> <span class='ocrx_word' id='word_1_5' title='bbox 390 535 474 608; x_wconf 79' lang='grc' dir='ltr'><strong><em>ἀλλ’</em></strong></span> <span class='ocrx_word' id='word_1_6' title='bbox 488 541 604 608; x_wconf 79' lang='grc' dir='ltr'><strong><em>ἕπευ·</em></strong></span> <span class='ocrx_word' id='word_1_7' title='bbox 624 533 836 626; x_wconf 75' lang='grc' dir='ltr'><strong><em>Ἀρίσταρχος</em></strong></span> <span class='ocrx_word' id='word_1_8' title='bbox 846 540 945 626; x_wconf 81' lang='grc' dir='ltr'><strong><em>χωρὶς</em></strong></span> <span class='ocrx_word' id='word_1_9' title='bbox 956 546 1019 608; x_wconf 77' lang='grc' dir='ltr'><strong><em>τοῦ</em></strong></span> <span class='ocrx_word' id='word_1_10' title='bbox 1030 568 1063 627; x_wconf 90' lang='lat' dir='ltr'><strong><em>v,</em></strong></span> <span class='ocrx_word' id='word_1_11' title='bbox 1079 537 1166 610; x_wconf 82' lang='grc' dir='ltr'><strong><em>ἀλλ’</em></strong></span> <span class='ocrx_word' id='word_1_12' title='bbox 1179 537 1276 610; x_wconf 81' lang='grc' dir='ltr'><strong><em>ἕπε’.</em></strong></span> <span class='ocrx_word' id='word_1_13' title='bbox 1289 543 1331 608; x_wconf 91' lang='lat' dir='ltr'><strong><em>A.</em></strong></span> 
     </span>
    </p>

    <p class='ocr_par' dir='ltr' id='par_1_3' title="bbox 217 639 1334 822">
     <span class='ocr_line' id='line_1_3' title="bbox 306 639 1334 731; baseline 0.002 -24"><span class='ocrx_word' id='word_1_14' title='bbox 306 648 375 710; x_wconf 87' lang='lat'><strong>153.</strong></span> <span class='ocrx_word' id='word_1_15' title='bbox 407 643 444 709; x_wconf 73' lang='grc' dir='ltr'><strong><em>έν</em></strong></span> <span class='ocrx_word' id='word_1_16' title='bbox 474 647 514 731; x_wconf 78' lang='grc' dir='ltr'><strong><em>τῇ</em></strong></span> <span class='ocrx_word' id='word_1_17' title='bbox 539 639 818 729; x_wconf 74' lang='grc' dir='ltr'><strong><em>Ἀριστοφάνους·</em></strong></span> <span class='ocrx_word' id='word_1_18' title='bbox 862 652 1138 731; x_wconf 78' lang='grc' dir='ltr'><strong><em>σαυρωτῆρος</em></strong></span> <span class='ocrx_word' id='word_1_19' title='bbox 1171 650 1334 730; x_wconf 85' lang='grc' dir='ltr'><strong><em>πληθυν-</em></strong></span> 
     </span>
     <span class='ocr_line' id='line_1_4' title="bbox 217 746 1143 822; baseline -0.011 -10"><span class='ocrx_word' id='word_1_20' title='bbox 217 749 326 822; x_wconf 74' lang='grc' dir='ltr'><strong><em>τικῶς.</em></strong></span> <span class='ocrx_word' id='word_1_21' title='bbox 350 746 391 810; x_wconf 89' lang='grc' dir='ltr'><strong><em>Α.</em></strong></span> <span class='ocrx_word' id='word_1_22' title='bbox 852 797 853 802; x_wconf 68' lang='grc'>,</span> <span class='ocrx_word' id='word_1_23' title='bbox 1141 799 1143 802; x_wconf 87' lang='grc'><strong><em>.</em></strong></span> 
     </span>
    </p>

    <p class='ocr_par' dir='ltr' id='par_1_4' title="bbox 215 835 1336 1138">
     <span class='ocr_line' id='line_1_5' title="bbox 303 835 1205 932; baseline 0.003 -21"><span class='ocrx_word' id='word_1_24' title='bbox 303 850 373 913; x_wconf 86' lang='grc'><strong><em>159.</em></strong></span> <span class='ocrx_word' id='word_1_25' title='bbox 396 849 495 932; x_wconf 80' lang='grc' dir='ltr'><strong><em>διχάς</em></strong></span> <span class='ocrx_word' id='word_1_26' title='bbox 516 841 534 912; x_wconf 85' lang='grc' dir='ltr'><strong>ὁ</strong></span> <span class='ocrx_word' id='word_1_27' title='bbox 555 835 909 932; x_wconf 78' lang='grc' dir='ltr'><strong><em>Ἀρίσταρχος’έγρεο</em></strong></span> <span class='ocrx_word' id='word_1_28' title='bbox 930 851 985 913; x_wconf 79' lang='grc' dir='ltr'><strong><em>καί</em></strong></span> <span class='ocrx_word' id='word_1_29' title='bbox 1006 843 1143 931; x_wconf 86' lang='grc' dir='ltr'><strong><em>ὄρσεο.</em></strong></span> <span class='ocrx_word' id='word_1_30' title='bbox 1164 850 1205 914; x_wconf 85' lang='grc' dir='ltr'><strong><em>Α.</em></strong></span> 
     </span>
     <span class='ocr_line' id='line_1_6' title="bbox 301 943 1336 1034; baseline 0.003 -19"><span class='ocrx_word' id='word_1_31' title='bbox 301 945 542 1033; x_wconf 88' lang='grc' dir='ltr'><strong><em>161.όλίγος</em></strong></span> <span class='ocrx_word' id='word_1_32' title='bbox 570 943 602 1014; x_wconf 75' lang='grc' dir='ltr'><strong><em>δ’</em></strong></span> <span class='ocrx_word' id='word_1_33' title='bbox 630 950 704 1016; x_wconf 84' lang='grc' dir='ltr'><strong><em>ἔτι·</em></strong></span> <span class='ocrx_word' id='word_1_34' title='bbox 736 946 792 1016; x_wconf 75' lang='grc' dir='ltr'><strong><em>διὰ</em></strong></span> <span class='ocrx_word' id='word_1_35' title='bbox 822 953 883 1016; x_wconf 84' lang='grc' dir='ltr'><strong><em>τοῦ</em></strong></span> <span class='ocrx_word' id='word_1_36' title='bbox 906 974 938 1034; x_wconf 82' lang='grc' dir='ltr'><strong><em>ε,</em></strong></span> <span class='ocrx_word' id='word_1_37' title='bbox 971 944 1114 1033; x_wconf 80' lang='grc' dir='ltr'><strong><em>ὀλίγος</em></strong></span> <span class='ocrx_word' id='word_1_38' title='bbox 1144 951 1188 1017; x_wconf 74' lang='grc' dir='ltr'><strong><em>δέ</em></strong></span> <span class='ocrx_word' id='word_1_39' title='bbox 1216 974 1258 1016; x_wconf 85' lang='grc' dir='ltr'><strong><em>τε</em></strong></span> <span class='ocrx_word' id='word_1_40' title='bbox 1299 954 1336 1018; x_wconf 90' lang='grc' dir='ltr'><strong><em>αί</em></strong></span> 
     </span>
     <span class='ocr_line' id='line_1_7' title="bbox 215 1043 1330 1138; baseline -0.002 -18"><span class='ocrx_word' id='word_1_41' title='bbox 215 1048 464 1137; x_wconf 78' lang='grc' dir='ltr'><strong><em>Ἀριστάρχειοι.</em></strong></span> <span class='ocrx_word' id='word_1_42' title='bbox 481 1073 534 1134; x_wconf 91' lang='grc' dir='ltr'><strong><em>γρ.</em></strong></span> <span class='ocrx_word' id='word_1_43' title='bbox 548 1043 805 1134; x_wconf 73' lang='grc' dir='ltr'><strong><em>δὲταλόλίγος</em></strong></span> <span class='ocrx_word' id='word_1_44' title='bbox 822 1045 854 1116; x_wconf 77' lang='grc' dir='ltr'><strong><em>θ’</em></strong></span> <span class='ocrx_word' id='word_1_45' title='bbox 874 1044 950 1117; x_wconf 82' lang='grc' dir='ltr'><strong><em>άπὸ</em></strong></span> <span class='ocrx_word' id='word_1_46' title='bbox 970 1055 1101 1136; x_wconf 75' lang='grc' dir='ltr'><strong><em>χοῖρος</em></strong></span> <span class='ocrx_word' id='word_1_47' title='bbox 1119 1051 1267 1138; x_wconf 77' lang='grc' dir='ltr'><strong><em>ἐέργει.</em></strong></span> <span class='ocrx_word' id='word_1_48' title='bbox 1286 1055 1330 1120; x_wconf 91' lang='lat' dir='ltr'><strong><em>A.</em></strong></span> 
     </span>
    </p>

    <p class='ocr_par' dir='ltr' id='par_1_5' title="bbox 304 1146 1016 1236">
     <span class='ocr_line' id='line_1_8' title="bbox 304 1146 1016 1236; baseline 0.004 -20"><span class='ocrx_word' id='word_1_49' title='bbox 304 1157 375 1219; x_wconf 85' lang='lat'><strong>169.</strong></span> <span class='ocrx_word' id='word_1_50' title='bbox 400 1155 538 1236; x_wconf 81' lang='grc' dir='ltr'><strong><em>φίλος·</em></strong></span> <span class='ocrx_word' id='word_1_51' title='bbox 556 1146 800 1236; x_wconf 83' lang='grc' dir='ltr'><strong><em>Ἀριστοφάνης</em></strong></span> <span class='ocrx_word' id='word_1_52' title='bbox 820 1153 946 1230; x_wconf 80' lang='grc' dir='ltr'><strong><em>τέκος.</em></strong></span> <span class='ocrx_word' id='word_1_53' title='bbox 974 1155 1016 1219; x_wconf 94' lang='lat' dir='ltr'><strong><em>A.</em></strong></span> 
     </span>
    </p>

    <p class='ocr_par' dir='ltr' id='par_1_6' title="bbox 219 1247 1334 1443">
     <span class='ocr_line' id='line_1_9' title="bbox 304 1247 1334 1342; baseline 0.003 -21"><span class='ocrx_word' id='word_1_54' title='bbox 304 1260 374 1321; x_wconf 86' lang='lat'><strong>176.</strong></span> <span class='ocrx_word' id='word_1_55' title='bbox 395 1249 620 1340; x_wconf 84' lang='grc' dir='ltr'><strong><em>άνστησον·</em></strong></span> <span class='ocrx_word' id='word_1_56' title='bbox 644 1247 752 1331; x_wconf 80' lang='grc' dir='ltr'><strong><em>οὕτως</em></strong></span> <span class='ocrx_word' id='word_1_57' title='bbox 773 1248 829 1318; x_wconf 78' lang='grc' dir='ltr'><strong><em>διὰ</em></strong></span> <span class='ocrx_word' id='word_1_58' title='bbox 851 1257 914 1320; x_wconf 82' lang='grc' dir='ltr'><strong><em>τοῦ</em></strong></span> <span class='ocrx_word' id='word_1_59' title='bbox 928 1278 950 1339; x_wconf 91' lang='grc' dir='ltr'><strong><em>η</em></strong></span> <span class='ocrx_word' id='word_1_60' title='bbox 968 1248 1182 1339; x_wconf 79' lang='grc' dir='ltr'><strong><em>ἄνστησον</em></strong></span> <span class='ocrx_word' id='word_1_61' title='bbox 1199 1252 1334 1342; x_wconf 91' lang='grc' dir='ltr'><strong><em>αίἈρι-</em></strong></span> 
     </span>
     <span class='ocr_line' id='line_1_10' title="bbox 219 1356 448 1443; baseline -0.009 -20"><span class='ocrx_word' id='word_1_62' title='bbox 219 1356 375 1443; x_wconf 91' lang='grc' dir='ltr'><strong><em>στάρχου.</em></strong></span> <span class='ocrx_word' id='word_1_63' title='bbox 406 1357 448 1422; x_wconf 92' lang='grc' dir='ltr'><strong><em>Α.</em></strong></span> 
     </span>
    </p>

    <p class='ocr_par' dir='ltr' id='par_1_7' title="bbox 220 1449 1333 1747">
     <span class='ocr_line' id='line_1_11' title="bbox 229 1449 1332 1546; baseline 0.008 -28"><span class='ocrx_word' id='word_1_64' title='bbox 229 1515 230 1518; x_wconf 74' lang='grc'>,</span> <span class='ocrx_word' id='word_1_65' title='bbox 303 1461 376 1522; x_wconf 83' lang='grc'><strong><em>225.</em></strong></span> <span class='ocrx_word' id='word_1_66' title='bbox 398 1462 516 1538; x_wconf 83' lang='grc' dir='ltr'><strong><em>είπερ</em></strong></span> <span class='ocrx_word' id='word_1_67' title='bbox 538 1478 594 1521; x_wconf 85' lang='grc' dir='ltr'><strong><em>τε·</em></strong></span> <span class='ocrx_word' id='word_1_68' title='bbox 621 1449 653 1543; x_wconf 79' lang='grc' dir='ltr'><strong><em>[ἡ</em></strong></span> <span class='ocrx_word' id='word_1_69' title='bbox 675 1456 793 1539; x_wconf 79' lang='grc' dir='ltr'><strong><em>διπλῆ,</em></strong></span> <span class='ocrx_word' id='word_1_70' title='bbox 823 1449 887 1543; x_wconf 85' lang='grc' dir='ltr'><strong><em>ὅτι]</em></strong></span> <span class='ocrx_word' id='word_1_71' title='bbox 910 1449 1119 1541; x_wconf 81' lang='grc' dir='ltr'><strong><em>Ἀρίσταρχος</em></strong></span> <span class='ocrx_word' id='word_1_72' title='bbox 1139 1466 1260 1543; x_wconf 75' lang='grc' dir='ltr'><strong><em>εἴπερ</em></strong></span> <span class='ocrx_word' id='word_1_73' title='bbox 1283 1486 1332 1546; x_wconf 90' lang='grc' dir='ltr'><strong><em>τι,</em></strong></span> 
     </span>
     <span class='ocr_line' id='line_1_12' title="bbox 220 1554 1333 1642; baseline 0.004 -18"><span class='ocrx_word' id='word_1_74' title='bbox 220 1560 275 1624; x_wconf 82' lang='grc' dir='ltr'><strong><em>καὶ</em></strong></span> <span class='ocrx_word' id='word_1_75' title='bbox 302 1559 336 1624; x_wconf 92' lang='grc' dir='ltr'><strong><em>οί</em></strong></span> <span class='ocrx_word' id='word_1_76' title='bbox 358 1554 422 1623; x_wconf 87' lang='grc' dir='ltr'><strong><em>άπὸ</em></strong></span> <span class='ocrx_word' id='word_1_77' title='bbox 451 1561 510 1642; x_wconf 79' lang='grc' dir='ltr'><strong><em>τῆς</em></strong></span> <span class='ocrx_word' id='word_1_78' title='bbox 537 1561 666 1641; x_wconf 79' lang='grc' dir='ltr'><strong><em>σχολῆς.</em></strong></span> <span class='ocrx_word' id='word_1_79' title='bbox 703 1558 745 1622; x_wconf 91' lang='lat' dir='ltr'><strong><em>A.</em></strong></span> <span class='ocrx_word' id='word_1_80' title='bbox 787 1558 920 1623; x_wconf 75' lang='lat' dir='ltr'><strong>Inelusa</strong></span> <span class='ocrx_word' id='word_1_81' title='bbox 945 1559 1075 1623; x_wconf 83' lang='lat' dir='ltr'><strong>uncinis</strong></span> <span class='ocrx_word' id='word_1_82' title='bbox 1102 1561 1212 1626; x_wconf 77' lang='lat' dir='ltr'><strong>aliena</strong></span> <span class='ocrx_word' id='word_1_83' title='bbox 1245 1573 1333 1628; x_wconf 88' lang='lat' dir='ltr'><strong>sunt.</strong></span> 
     </span>
     <span class='ocr_line' id='line_1_13' title="bbox 220 1659 1239 1747; baseline 0 -21"><span class='ocrx_word' id='word_1_84' title='bbox 220 1661 272 1727; x_wconf 81' lang='lat' dir='ltr'><strong><em>Of.</em></strong></span> <span class='ocrx_word' id='word_1_85' title='bbox 294 1665 409 1726; x_wconf 75' lang='grc'><strong><em>11445</em></strong></span> <span class='ocrx_word' id='word_1_86' title='bbox 432 1659 591 1747; x_wconf 83' lang='lat' dir='ltr'><strong>(Ariston.</strong></span> <span class='ocrx_word' id='word_1_87' title='bbox 615 1663 645 1724; x_wconf 83' lang='lat' dir='ltr'><strong>A</strong></span> <span class='ocrx_word' id='word_1_88' title='bbox 667 1661 721 1745; x_wconf 86' lang='grc'><strong><em>72)</em></strong></span> <span class='ocrx_word' id='word_1_89' title='bbox 744 1659 857 1724; x_wconf 84' lang='lat' dir='ltr'><strong>Lehrs.</strong></span> <span class='ocrx_word' id='word_1_90' title='bbox 881 1659 985 1725; x_wconf 82' lang='lat' dir='ltr'><strong>Arist.</strong></span> <span class='ocrx_word' id='word_1_91' title='bbox 1006 1683 1038 1746; x_wconf 90' lang='lat' dir='ltr'><strong><em>p.</em></strong></span> <span class='ocrx_word' id='word_1_92' title='bbox 1063 1665 1100 1726; x_wconf 85' lang='lat'><strong><em>17</em></strong></span> <span class='ocrx_word' id='word_1_93' title='bbox 1119 1671 1187 1727; x_wconf 81' lang='lat' dir='ltr'><strong>not.</strong></span> <span class='ocrx_word' id='word_1_94' title='bbox 1211 1663 1239 1726; x_wconf 85' lang='lat'><strong><em>*.</em></strong></span> 
     </span>
    </p>

    <p class='ocr_par' dir='ltr' id='par_1_8' title="bbox 220 1754 1332 1950">
     <span class='ocr_line' id='line_1_14' title="bbox 305 1754 1332 1849; baseline 0.006 -25"><span class='ocrx_word' id='word_1_95' title='bbox 305 1764 377 1826; x_wconf 90' lang='grc'><strong><em>240.</em></strong></span> <span class='ocrx_word' id='word_1_96' title='bbox 399 1755 579 1849; x_wconf 78' lang='grc' dir='ltr'><strong><em>(άθετείται</em></strong></span> <span class='ocrx_word' id='word_1_97' title='bbox 590 1798 625 1810; x_wconf 94' lang='lat'><em>-</em></span> <span class='ocrx_word' id='word_1_98' title='bbox 644 1754 713 1844; x_wconf 75' lang='grc' dir='ltr'><strong><em>ἡδὲ</em></strong></span> <span class='ocrx_word' id='word_1_99' title='bbox 726 1763 861 1846; x_wconf 84' lang='grc' dir='ltr'><strong><em>6ιπλῆ)·</em></strong></span> <span class='ocrx_word' id='word_1_100' title='bbox 880 1756 958 1827; x_wconf 75' lang='grc' dir='ltr'><strong><em>οὐδὲ</em></strong></span> <span class='ocrx_word' id='word_1_101' title='bbox 978 1762 1015 1828; x_wconf 83' lang='grc' dir='ltr'><strong><em>ἐν</em></strong></span> <span class='ocrx_word' id='word_1_102' title='bbox 1028 1765 1068 1848; x_wconf 78' lang='grc' dir='ltr'><strong><em>τῇ</em></strong></span> <span class='ocrx_word' id='word_1_103' title='bbox 1084 1761 1283 1846; x_wconf 77' lang='grc' dir='ltr'><strong><em>Ζηνοδότου</em></strong></span> <span class='ocrx_word' id='word_1_104' title='bbox 1296 1763 1332 1830; x_wconf 78' lang='grc' dir='ltr'><strong><em>δὲ</em></strong></span> 
     </span>
     <span class='ocr_line' id='line_1_15' title="bbox 220 1854 1332 1950; baseline 0.003 -22"><span class='ocrx_word' id='word_1_105' title='bbox 220 1854 273 1948; x_wconf 84' lang='grc' dir='ltr'><strong><em>ἦν.</em></strong></span> <span class='ocrx_word' id='word_1_106' title='bbox 285 1863 326 1929; x_wconf 92' lang='grc' dir='ltr'><strong><em>Α.</em></strong></span> <span class='ocrx_word' id='word_1_107' title='bbox 339 1862 527 1929; x_wconf 82' lang='lat' dir='ltr'><strong>Novissima</strong></span> <span class='ocrx_word' id='word_1_108' title='bbox 537 1861 639 1928; x_wconf 82' lang='lat' dir='ltr'><strong>vsrba</strong></span> <span class='ocrx_word' id='word_1_109' title='bbox 650 1885 709 1928; x_wconf 80' lang='lat' dir='ltr'><strong><em>cur</em></strong></span> <span class='ocrx_word' id='word_1_110' title='bbox 720 1862 865 1950; x_wconf 87' lang='lat' dir='ltr'><strong>Didymo</strong></span> <span class='ocrx_word' id='word_1_111' title='bbox 877 1865 1078 1929; x_wconf 76' lang='lat' dir='ltr'><strong>vindicarem</strong></span> <span class='ocrx_word' id='word_1_112' title='bbox 1091 1865 1161 1930; x_wconf 84' lang='lat' dir='ltr'><strong>dixi</strong></span> <span class='ocrx_word' id='word_1_113' title='bbox 1172 1865 1332 1931; x_wconf 73' lang='lat' dir='ltr'><strong>ad0371.</strong></span> 
     </span>
    </p>

    <p class='ocr_par' dir='ltr' id='par_1_9' title="bbox 223 1959 1334 2154">
     <span class='ocr_line' id='line_1_16' title="bbox 309 1959 1334 2054; baseline 0.004 -24"><span class='ocrx_word' id='word_1_114' title='bbox 309 1969 381 2032; x_wconf 86' lang='grc'><strong><em>253.</em></strong></span> <span class='ocrx_word' id='word_1_115' title='bbox 414 1959 596 2051; x_wconf 80' lang='grc' dir='ltr'><strong><em>(άθετείται</em></strong></span> <span class='ocrx_word' id='word_1_116' title='bbox 617 1971 694 2049; x_wconf 81' lang='grc'><strong><em>-)·</em></strong></span> <span class='ocrx_word' id='word_1_117' title='bbox 726 1962 915 2049; x_wconf 74' lang='grc' dir='ltr'><strong><em>Ζηνόδοτος</em></strong></span> <span class='ocrx_word' id='word_1_118' title='bbox 943 1965 979 2032; x_wconf 77' lang='grc' dir='ltr'><strong><em>δὲ</em></strong></span> <span class='ocrx_word' id='word_1_119' title='bbox 1013 1966 1092 2054; x_wconf 78' lang='lat' dir='ltr'><strong>(leg.</strong></span> <span class='ocrx_word' id='word_1_120' title='bbox 1119 1990 1201 2032; x_wconf 88' lang='lat' dir='ltr'><strong><em>cum.</em></strong></span> <span class='ocrx_word' id='word_1_121' title='bbox 1222 1969 1334 2034; x_wconf 84' lang='lat' dir='ltr'><strong>Bskk.</strong></span> 
     </span>
     <span class='ocr_line' id='line_1_17' title="bbox 223 2060 1120 2154; baseline 0 -20"><span class='ocrx_word' id='word_1_122' title='bbox 223 2068 346 2134; x_wconf 81' lang='lat' dir='ltr'><strong>Friedl.</strong></span> <span class='ocrx_word' id='word_1_123' title='bbox 372 2061 465 2152; x_wconf 75' lang='grc' dir='ltr'><strong><em>οὐδὲ)</em></strong></span> <span class='ocrx_word' id='word_1_124' title='bbox 489 2068 656 2154; x_wconf 80' lang='grc' dir='ltr'><strong><em>ἔγραφεν·</em></strong></span> <span class='ocrx_word' id='word_1_125' title='bbox 675 2060 917 2152; x_wconf 86' lang='grc' dir='ltr'><strong><em>Ἀριστοφάνης</em></strong></span> <span class='ocrx_word' id='word_1_126' title='bbox 930 2063 1055 2152; x_wconf 81' lang='grc' dir='ltr'><strong><em>ήθέτει.</em></strong></span> <span class='ocrx_word' id='word_1_127' title='bbox 1078 2069 1120 2134; x_wconf 91' lang='lat' dir='ltr'><strong><em>A.</em></strong></span> 
     </span>
    </p>

    <p class='ocr_par' dir='ltr' id='par_1_10' title="bbox 309 2162 1087 2253">
     <span class='ocr_line' id='line_1_18' title="bbox 309 2162 1087 2253; baseline 0.003 -21"><span class='ocrx_word' id='word_1_128' title='bbox 309 2173 381 2236; x_wconf 82' lang='grc'><strong><em>268.</em></strong></span> <span class='ocrx_word' id='word_1_129' title='bbox 404 2163 605 2253; x_wconf 88' lang='grc' dir='ltr'><strong><em>άλλοφον·</em></strong></span> <span class='ocrx_word' id='word_1_130' title='bbox 622 2162 831 2253; x_wconf 89' lang='grc' dir='ltr'><strong><em>Ἀρίσταρχος</em></strong></span> <span class='ocrx_word' id='word_1_131' title='bbox 853 2163 1022 2253; x_wconf 83' lang='grc' dir='ltr'><strong><em>άλοφον.</em></strong></span> <span class='ocrx_word' id='word_1_132' title='bbox 1045 2171 1087 2234; x_wconf 95' lang='lat' dir='ltr'><strong><em>A.</em></strong></span> 
     </span>
    </p>

    <p class='ocr_par' dir='ltr' id='par_1_11' title="bbox 223 2265 1334 2558">
     <span class='ocr_line' id='line_1_19' title="bbox 308 2265 1331 2359; baseline 0.005 -23"><span class='ocrx_word' id='word_1_133' title='bbox 308 2275 380 2338; x_wconf 87' lang='grc'><strong><em>291.</em></strong></span> <span class='ocrx_word' id='word_1_134' title='bbox 422 2265 512 2336; x_wconf 76' lang='grc' dir='ltr'><strong><em>οὕτω</em></strong></span> <span class='ocrx_word' id='word_1_135' title='bbox 537 2268 636 2358; x_wconf 78' lang='grc' dir='ltr'><strong><em>χωρὶς</em></strong></span> <span class='ocrx_word' id='word_1_136' title='bbox 668 2272 730 2334; x_wconf 78' lang='grc' dir='ltr'><strong><em>τοῦ</em></strong></span> <span class='ocrx_word' id='word_1_137' title='bbox 757 2286 778 2333; x_wconf 93' lang='grc' dir='ltr'><strong><em>σ</em></strong></span> <span class='ocrx_word' id='word_1_138' title='bbox 803 2273 1013 2355; x_wconf 78' lang='grc' dir='ltr'><strong><em>παρίσταο</em></strong></span> <span class='ocrx_word' id='word_1_139' title='bbox 1044 2273 1081 2337; x_wconf 85' lang='grc' dir='ltr'><strong><em>αλ</em></strong></span> <span class='ocrx_word' id='word_1_140' title='bbox 1103 2265 1331 2359; x_wconf 89' lang='grc' dir='ltr'><strong><em>Ἀριστάρχου.</em></strong></span> 
     </span>
     <span class='ocr_line' id='line_1_20' title="bbox 223 2367 1334 2458; baseline 0.003 -19"><span class='ocrx_word' id='word_1_141' title='bbox 223 2371 412 2458; x_wconf 77' lang='grc' dir='ltr'><strong><em>Ζηνόδοτος</em></strong></span> <span class='ocrx_word' id='word_1_142' title='bbox 438 2373 637 2457; x_wconf 81' lang='grc' dir='ltr'><strong><em>παρίσταο</em></strong></span> <span class='ocrx_word' id='word_1_143' title='bbox 664 2370 738 2436; x_wconf 85' lang='grc' dir='ltr'><strong><em>καλ</em></strong></span> <span class='ocrx_word' id='word_1_144' title='bbox 768 2367 872 2456; x_wconf 89' lang='grc' dir='ltr'><strong><em>πόρε</em></strong></span> <span class='ocrx_word' id='word_1_145' title='bbox 897 2375 1040 2452; x_wconf 73' lang='grc' dir='ltr'><strong><em>κῦδος.</em></strong></span> <span class='ocrx_word' id='word_1_146' title='bbox 1083 2373 1184 2458; x_wconf 83' lang='grc' dir='ltr'><strong><em>χωρὶς</em></strong></span> <span class='ocrx_word' id='word_1_147' title='bbox 1212 2374 1251 2440; x_wconf 76' lang='grc' dir='ltr'><strong><em>δὲ</em></strong></span> <span class='ocrx_word' id='word_1_148' title='bbox 1272 2381 1334 2442; x_wconf 80' lang='grc' dir='ltr'><strong><em>τοῦ</em></strong></span> 
     </span>
     <span class='ocr_line' id='line_1_21' title="bbox 224 2468 727 2558; baseline -0.008 -16"><span class='ocrx_word' id='word_1_149' title='bbox 224 2475 321 2542; x_wconf 83' lang='grc' dir='ltr'><strong><em>σααλ</em></strong></span> <span class='ocrx_word' id='word_1_150' title='bbox 343 2475 379 2539; x_wconf 89' lang='grc' dir='ltr'><strong><em>αί</em></strong></span> <span class='ocrx_word' id='word_1_151' title='bbox 398 2476 534 2551; x_wconf 86' lang='grc' dir='ltr'><strong><em>πλείους</em></strong></span> <span class='ocrx_word' id='word_1_152' title='bbox 555 2468 655 2558; x_wconf 80' lang='grc' dir='ltr'><strong><em>εἶχον.</em></strong></span> <span class='ocrx_word' id='word_1_153' title='bbox 686 2474 727 2538; x_wconf 89' lang='grc' dir='ltr'><strong><em>Α.</em></strong></span> 
     </span>
    </p>

    <p class='ocr_par' dir='ltr' id='par_1_12' title="bbox 226 2569 1334 2863">
     <span class='ocr_line' id='line_1_22' title="bbox 310 2569 1332 2660; baseline 0.004 -19"><span class='ocrx_word' id='word_1_154' title='bbox 310 2580 382 2642; x_wconf 87' lang='grc'><strong><em>306.</em></strong></span> <span class='ocrx_word' id='word_1_155' title='bbox 427 2570 534 2653; x_wconf 80' lang='grc' dir='ltr'><strong><em>οὕτως</em></strong></span> <span class='ocrx_word' id='word_1_156' title='bbox 557 2570 767 2660; x_wconf 89' lang='grc' dir='ltr'><strong><em>Ἀρίσταρχος</em></strong></span> <span class='ocrx_word' id='word_1_157' title='bbox 803 2569 1129 2659; x_wconf 86' lang='grc' dir='ltr'><strong><em>ολιιενάριστοι</em></strong></span> <span class='ocrx_word' id='word_1_158' title='bbox 1157 2578 1270 2644; x_wconf 83' lang='grc' dir='ltr'><strong><em>ἔωσι·</em></strong></span> <span class='ocrx_word' id='word_1_159' title='bbox 1315 2574 1332 2644; x_wconf 88' lang='grc' dir='ltr'>ὁ</span> 
     </span>
     <span class='ocr_line' id='line_1_23' title="bbox 226 2671 1334 2766; baseline -0.001 -18"><span class='ocrx_word' id='word_1_160' title='bbox 226 2680 262 2748; x_wconf 77' lang='grc' dir='ltr'><strong><em>δὲ</em></strong></span> <span class='ocrx_word' id='word_1_161' title='bbox 290 2676 479 2764; x_wconf 80' lang='grc' dir='ltr'><strong><em>Ζηνόδοτος</em></strong></span> <span class='ocrx_word' id='word_1_162' title='bbox 506 2672 665 2755; x_wconf 81' lang='grc' dir='ltr'><strong><em>αότούς</em></strong></span> <span class='ocrx_word' id='word_1_163' title='bbox 692 2679 734 2741; x_wconf 78' lang='grc' dir='ltr'><strong><em>οἳ</em></strong></span> <span class='ocrx_word' id='word_1_164' title='bbox 766 2674 998 2759; x_wconf 77' lang='grc' dir='ltr'><strong><em>φορέουσιν</em></strong></span> <span class='ocrx_word' id='word_1_165' title='bbox 1025 2671 1220 2762; x_wconf 82' lang='grc' dir='ltr'><strong><em>ἀμύμονα</em></strong></span> <span class='ocrx_word' id='word_1_166' title='bbox 1249 2687 1334 2766; x_wconf 89' lang='grc' dir='ltr'><strong><em>Πη-</em></strong></span> 
     </span>
     <span class='ocr_line' id='line_1_24' title="bbox 226 2774 1217 2863; baseline -0.003 -14"><span class='ocrx_word' id='word_1_167' title='bbox 226 2785 390 2849; x_wconf 87' lang='grc' dir='ltr'><strong><em>λείωνα.</em></strong></span> <span class='ocrx_word' id='word_1_168' title='bbox 411 2775 653 2863; x_wconf 86' lang='grc' dir='ltr'><strong><em>Ἀριστοφάνης</em></strong></span> <span class='ocrx_word' id='word_1_169' title='bbox 672 2774 824 2854; x_wconf 82' lang='grc' dir='ltr'><strong><em>καλοὺς</em></strong></span> <span class='ocrx_word' id='word_1_170' title='bbox 846 2781 887 2842; x_wconf 78' lang='grc' dir='ltr'><strong><em>οἳ</em></strong></span> <span class='ocrx_word' id='word_1_171' title='bbox 907 2779 1150 2862; x_wconf 85' lang='grc' dir='ltr'><strong><em>φορέουσιν.</em></strong></span> <span class='ocrx_word' id='word_1_172' title='bbox 1175 2780 1217 2846; x_wconf 88' lang='lat' dir='ltr'><strong><em>A.</em></strong></span> 
     </span>
    </p>

    <p class='ocr_par' dir='ltr' id='par_1_13' title="bbox 313 2874 1166 2965">
     <span class='ocr_line' id='line_1_25' title="bbox 313 2874 1166 2965; baseline -0.001 -16"><span class='ocrx_word' id='word_1_173' title='bbox 313 2887 385 2950; x_wconf 91' lang='grc'><strong><em>321.</em></strong></span> <span class='ocrx_word' id='word_1_174' title='bbox 409 2876 606 2965; x_wconf 88' lang='grc' dir='ltr'><strong><em>άνάσχεο·</em></strong></span> <span class='ocrx_word' id='word_1_175' title='bbox 627 2876 765 2946; x_wconf 76' lang='grc' dir='ltr'><strong><em>διάτοῦ</em></strong></span> <span class='ocrx_word' id='word_1_176' title='bbox 785 2901 803 2964; x_wconf 95' lang='grc' dir='ltr'><strong><em>ο</em></strong></span> <span class='ocrx_word' id='word_1_177' title='bbox 827 2880 864 2945; x_wconf 91' lang='grc' dir='ltr'><strong><em>αί</em></strong></span> <span class='ocrx_word' id='word_1_178' title='bbox 878 2874 1103 2965; x_wconf 88' lang='grc' dir='ltr'><strong><em>Ἀριστάρχου.</em></strong></span> <span class='ocrx_word' id='word_1_179' title='bbox 1124 2883 1166 2948; x_wconf 88' lang='grc' dir='ltr'><strong><em>Α.</em></strong></span> 
     </span>
    </p>

    <p class='ocr_par' dir='ltr' id='par_1_14' title="bbox 308 2976 1333 3069">
     <span class='ocr_line' id='line_1_26' title="bbox 308 2976 1333 3069; baseline 0.002 -20"><span class='ocrx_word' id='word_1_180' title='bbox 308 2987 381 3052; x_wconf 86' lang='grc'><strong><em>332.</em></strong></span> <span class='ocrx_word' id='word_1_181' title='bbox 392 2978 500 3060; x_wconf 80' lang='grc' dir='ltr'><strong><em>οὕτως</em></strong></span> <span class='ocrx_word' id='word_1_182' title='bbox 511 2982 566 3047; x_wconf 82' lang='grc' dir='ltr'><strong><em>καί</em></strong></span> <span class='ocrx_word' id='word_1_183' title='bbox 577 2977 633 3047; x_wconf 80' lang='grc' dir='ltr'><strong><em>διὰ</em></strong></span> <span class='ocrx_word' id='word_1_184' title='bbox 643 2985 703 3048; x_wconf 88' lang='grc' dir='ltr'><strong><em>τοῦ</em></strong></span> <span class='ocrx_word' id='word_1_185' title='bbox 716 3005 731 3047; x_wconf 87' lang='grc' dir='ltr'><strong><em>ε</em></strong></span> <span class='ocrx_word' id='word_1_186' title='bbox 743 2976 779 3048; x_wconf 87' lang='grc' dir='ltr'>τό</span> <span class='ocrx_word' id='word_1_187' title='bbox 792 2981 809 3046; x_wconf 83' lang='grc' dir='ltr'><strong><em>έ</em></strong></span> <span class='ocrx_word' id='word_1_188' title='bbox 816 2976 1002 3066; x_wconf 83' lang='grc' dir='ltr'><strong><em>πάμοσεν</em></strong></span> <span class='ocrx_word' id='word_1_189' title='bbox 1015 2979 1280 3069; x_wconf 87' lang='grc' dir='ltr'><strong><em>αίἈριστάρχου.</em></strong></span> <span class='ocrx_word' id='word_1_190' title='bbox 1293 2987 1333 3051; x_wconf 89' lang='grc' dir='ltr'><strong><em>Α.</em></strong></span> 
     </span>
    </p>

    <p class='ocr_par' dir='ltr' id='par_1_15' title="bbox 311 3084 663 3150">
     <span class='ocr_line' id='line_1_27' title="bbox 311 3084 663 3150; baseline -0.011 0"><span class='ocrx_word' id='word_1_191' title='bbox 311 3088 383 3150; x_wconf 90' lang='grc'><strong><em>336.</em></strong></span> <span class='ocrx_word' id='word_1_192' title='bbox 407 3084 459 3149; x_wconf 77' lang='lat' dir='ltr'><strong><em>Of.</em></strong></span> <span class='ocrx_word' id='word_1_193' title='bbox 481 3105 567 3148; x_wconf 79' lang='lat' dir='ltr'><strong>vers.</strong></span> <span class='ocrx_word' id='word_1_194' title='bbox 590 3086 663 3147; x_wconf 92' lang='grc'><strong><em>347.</em></strong></span> 
     </span>
    </p>

    <p class='ocr_par' dir='ltr' id='par_1_16' title="bbox 229 3172 1335 3370">
     <span class='ocr_line' id='line_1_28' title="bbox 310 3172 1335 3272; baseline 0.002 -20"><span class='ocrx_word' id='word_1_195' title='bbox 310 3175 383 3253; x_wconf 88' lang='grc'><strong><em>341.</em></strong></span> <span class='ocrx_word' id='word_1_196' title='bbox 415 3173 537 3262; x_wconf 80' lang='grc' dir='ltr'><strong><em>οὗτός</em></strong></span> <span class='ocrx_word' id='word_1_197' title='bbox 555 3207 638 3248; x_wconf 60' lang='grc' dir='ltr'><strong><em>τοιτ</em></strong></span> <span class='ocrx_word' id='word_1_198' title='bbox 662 3178 872 3268; x_wconf 86' lang='grc' dir='ltr'><strong><em>Ἀρίσταρχος</em></strong></span> <span class='ocrx_word' id='word_1_199' title='bbox 893 3172 1018 3262; x_wconf 81' lang='grc' dir='ltr'><strong><em>οὗτός</em></strong></span> <span class='ocrx_word' id='word_1_200' title='bbox 1035 3207 1112 3264; x_wconf 89' lang='grc' dir='ltr'><strong><em>τις·</em></strong></span> <span class='ocrx_word' id='word_1_201' title='bbox 1135 3179 1335 3272; x_wconf 74' lang='grc' dir='ltr'><strong><em>ὡμολόγουν</em></strong></span> 
     </span>
     <span class='ocr_line' id='line_1_29' title="bbox 229 3285 782 3370; baseline -0.005 -17"><span class='ocrx_word' id='word_1_202' title='bbox 229 3287 284 3353; x_wconf 84' lang='grc' dir='ltr'><strong><em>καὶ</em></strong></span> <span class='ocrx_word' id='word_1_203' title='bbox 305 3289 342 3353; x_wconf 91' lang='grc' dir='ltr'><strong><em>αί</em></strong></span> <span class='ocrx_word' id='word_1_204' title='bbox 361 3287 507 3362; x_wconf 87' lang='grc' dir='ltr'><strong><em>πλείους.</em></strong></span> <span class='ocrx_word' id='word_1_205' title='bbox 526 3286 581 3370; x_wconf 82' lang='grc' dir='ltr'><strong><em>Α.,</em></strong></span> <span class='ocrx_word' id='word_1_206' title='bbox 600 3285 643 3351; x_wconf 82' lang='lat' dir='ltr'><strong><em>cf.</em></strong></span> <span class='ocrx_word' id='word_1_207' title='bbox 668 3290 702 3350; x_wconf 88' lang='lat' dir='ltr'><em>K</em></span> <span class='ocrx_word' id='word_1_208' title='bbox 720 3291 782 3350; x_wconf 88' lang='grc'><strong><em>477</em></strong></span> 
     </span>
    </p>

    <p class='ocr_par' dir='ltr' id='par_1_17' title="bbox 312 3383 1333 3474">
     <span class='ocr_line' id='line_1_30' title="bbox 312 3383 1333 3474; baseline 0 -20"><span class='ocrx_word' id='word_1_209' title='bbox 312 3392 384 3455; x_wconf 87' lang='grc'><strong><em>343.</em></strong></span> <span class='ocrx_word' id='word_1_210' title='bbox 409 3385 796 3451; x_wconf 84' lang='grc' dir='ltr'><strong><em>κατατεθνειάτων·</em></strong></span> <span class='ocrx_word' id='word_1_211' title='bbox 826 3383 1037 3472; x_wconf 89' lang='grc' dir='ltr'><strong><em>Ἀρίσταρχος</em></strong></span> <span class='ocrx_word' id='word_1_212' title='bbox 1056 3387 1271 3474; x_wconf 75' lang='grc' dir='ltr'><strong><em>τεθνηώτων.</em></strong></span> <span class='ocrx_word' id='word_1_213' title='bbox 1293 3391 1333 3456; x_wconf 89' lang='lat' dir='ltr'><strong><em>A.</em></strong></span> 
     </span>
    </p>

    <p class='ocr_par' dir='ltr' id='par_1_18' title="bbox 313 3483 1311 3574">
     <span class='ocr_line' id='line_1_31' title="bbox 313 3483 1311 3574; baseline 0.006 -21"><span class='ocrx_word' id='word_1_214' title='bbox 313 3487 386 3553; x_wconf 92' lang='grc'><strong><em>346.</em></strong></span> <span class='ocrx_word' id='word_1_215' title='bbox 406 3490 715 3572; x_wconf 77' lang='grc' dir='ltr'><strong><em>παραφθαίησι·</em></strong></span> <span class='ocrx_word' id='word_1_216' title='bbox 739 3483 847 3566; x_wconf 80' lang='grc' dir='ltr'><strong><em>οὕτως</em></strong></span> <span class='ocrx_word' id='word_1_217' title='bbox 872 3487 992 3574; x_wconf 75' lang='grc' dir='ltr'><strong><em>σχεδὸν</em></strong></span> <span class='ocrx_word' id='word_1_218' title='bbox 1010 3491 1046 3556; x_wconf 90' lang='grc' dir='ltr'><strong><em>αί</em></strong></span> <span class='ocrx_word' id='word_1_219' title='bbox 1066 3495 1179 3558; x_wconf 83' lang='grc' dir='ltr'><strong><em>πᾶσαι.</em></strong></span> <span class='ocrx_word' id='word_1_220' title='bbox 1203 3491 1245 3558; x_wconf 92' lang='grc' dir='ltr'><strong><em>Α.</em></strong></span> <span class='ocrx_word' id='word_1_221' title='bbox 1309 3484 1311 3487; x_wconf 46' lang='grc'><strong>’</strong></span> 
     </span>
    </p>

    <p class='ocr_par' dir='ltr' id='par_1_19' title="bbox 232 3584 1337 3780">
     <span class='ocr_line' id='line_1_32' title="bbox 314 3584 1337 3678; baseline 0.001 -23"><span class='ocrx_word' id='word_1_222' title='bbox 314 3594 386 3655; x_wconf 91' lang='grc'><strong><em>347.</em></strong></span> <span class='ocrx_word' id='word_1_223' title='bbox 422 3589 668 3676; x_wconf 78' lang='lat' dir='ltr'><strong>(Aristonicus.)</strong></span> <span class='ocrx_word' id='word_1_224' title='bbox 695 3584 713 3654; x_wconf 88' lang='grc' dir='ltr'>ὁ</span> <span class='ocrx_word' id='word_1_225' title='bbox 739 3587 776 3656; x_wconf 74' lang='grc' dir='ltr'><strong><em>δὲ</em></strong></span> <span class='ocrx_word' id='word_1_226' title='bbox 795 3585 1006 3675; x_wconf 88' lang='grc' dir='ltr'><strong><em>Ἀρίσταρχος</em></strong></span> <span class='ocrx_word' id='word_1_227' title='bbox 1027 3589 1091 3656; x_wconf 83' lang='grc' dir='ltr'><strong><em>έπλ</em></strong></span> <span class='ocrx_word' id='word_1_228' title='bbox 1111 3595 1232 3678; x_wconf 80' lang='grc' dir='ltr'><strong><em>νῆας,</em></strong></span> <span class='ocrx_word' id='word_1_229' title='bbox 1266 3589 1337 3658; x_wconf 84' lang='grc' dir='ltr'><strong><em>ἀντὶ</em></strong></span> 
     </span>
     <span class='ocr_line' id='line_1_33' title="bbox 232 3690 877 3780; baseline 0.003 -24"><span class='ocrx_word' id='word_1_230' title='bbox 232 3695 293 3757; x_wconf 87' lang='grc' dir='ltr'><strong><em>τοῦ</em></strong></span> <span class='ocrx_word' id='word_1_231' title='bbox 316 3690 414 3756; x_wconf 80' lang='grc' dir='ltr'><strong><em>ποτὶ</em></strong></span> <span class='ocrx_word' id='word_1_232' title='bbox 433 3694 536 3774; x_wconf 82' lang='grc' dir='ltr'><strong><em>νῆας</em></strong></span> <span class='ocrx_word' id='word_1_233' title='bbox 559 3692 762 3780; x_wconf 81' lang='lat' dir='ltr'><strong>(Didymus).</strong></span> <span class='ocrx_word' id='word_1_234' title='bbox 785 3693 827 3758; x_wconf 93' lang='lat' dir='ltr'><strong><em>A.</em></strong></span> <span class='ocrx_word' id='word_1_235' title='bbox 875 3706 877 3709; x_wconf 79' lang='grc'>’</span> 
     </span>
    </p>

    <p class='ocr_par' dir='ltr' id='par_1_20' title="bbox 229 3785 1339 4388">
     <span class='ocr_line' id='line_1_34' title="bbox 314 3785 1338 3878; baseline 0.003 -20"><span class='ocrx_word' id='word_1_236' title='bbox 314 3796 386 3858; x_wconf 89' lang='grc'><strong><em>349.</em></strong></span> <span class='ocrx_word' id='word_1_237' title='bbox 405 3785 434 3857; x_wconf 67' lang='grc' dir='ltr'><strong><em>οἳ</em></strong></span> <span class='ocrx_word' id='word_1_238' title='bbox 441 3817 457 3870; x_wconf 89' lang='grc' dir='ltr'><strong><em>ς</em></strong></span> <span class='ocrx_word' id='word_1_239' title='bbox 473 3785 495 3858; x_wconf 84' lang='grc' dir='ltr'><strong><em>ά</em></strong></span> <span class='ocrx_word' id='word_1_240' title='bbox 502 3791 678 3878; x_wconf 86' lang='grc' dir='ltr'><strong><em>ραφωνή</em></strong></span> <span class='ocrx_word' id='word_1_241' title='bbox 685 3812 706 3859; x_wconf 91' lang='grc' dir='ltr'><strong><em>σ</em></strong></span> <span class='ocrx_word' id='word_1_242' title='bbox 713 3818 824 3859; x_wconf 84' lang='grc' dir='ltr'><strong><em>αντε·</em></strong></span> <span class='ocrx_word' id='word_1_243' title='bbox 841 3789 949 3872; x_wconf 80' lang='grc' dir='ltr'><strong><em>οὕτως</em></strong></span> <span class='ocrx_word' id='word_1_244' title='bbox 958 3789 1169 3878; x_wconf 90' lang='grc' dir='ltr'><strong><em>Ἀρίσταρχος</em></strong></span> <span class='ocrx_word' id='word_1_245' title='bbox 1182 3796 1239 3861; x_wconf 80' lang='grc' dir='ltr'><strong><em>καί</em></strong></span> <span class='ocrx_word' id='word_1_246' title='bbox 1248 3802 1338 3861; x_wconf 88' lang='grc' dir='ltr'><strong><em>θαυ-</em></strong></span> 
     </span>
     <span class='ocr_line' id='line_1_35' title="bbox 229 3888 1336 3984; baseline 0.004 -26"><span class='ocrx_word' id='word_1_247' title='bbox 229 3889 358 3979; x_wconf 84' lang='grc' dir='ltr'><strong><em>μαστόν</em></strong></span> <span class='ocrx_word' id='word_1_248' title='bbox 372 3888 485 3980; x_wconf 76' lang='grc' dir='ltr'><strong><em>οὐδέν,</em></strong></span> <span class='ocrx_word' id='word_1_249' title='bbox 502 3897 532 3960; x_wconf 89' lang='grc' dir='ltr'><strong><em>εί</em></strong></span> <span class='ocrx_word' id='word_1_250' title='bbox 545 3888 729 3974; x_wconf 78' lang='grc' dir='ltr'><strong><em>Ὀδυσσέως</em></strong></span> <span class='ocrx_word' id='word_1_251' title='bbox 748 3895 900 3972; x_wconf 89' lang='grc' dir='ltr'><strong><em>είπόντος</em></strong></span> <span class='ocrx_word' id='word_1_252' title='bbox 915 3891 1024 3979; x_wconf 81' lang='grc' dir='ltr'><strong><em>μόνον</em></strong></span> <span class='ocrx_word' id='word_1_253' title='bbox 1043 3894 1238 3984; x_wconf 78' lang='grc' dir='ltr'><strong><em>συλλήβδην</em></strong></span> <span class='ocrx_word' id='word_1_254' title='bbox 1257 3899 1336 3982; x_wconf 83' lang='grc' dir='ltr'><strong><em>ἔφη·</em></strong></span> 
     </span>
     <span class='ocr_line' id='line_1_36' title="bbox 231 3990 1338 4085; baseline 0.001 -24"><span class='ocrx_word' id='word_1_255' title='bbox 231 3990 275 4075; x_wconf 76' lang='grc' dir='ltr'><strong><em>τός</em></strong></span> <span class='ocrx_word' id='word_1_256' title='bbox 297 3993 363 4081; x_wconf 85' lang='grc' dir='ltr'><strong><em>άρα</em></strong></span> <span class='ocrx_word' id='word_1_257' title='bbox 381 3993 591 4083; x_wconf 81' lang='grc' dir='ltr'><strong><em>φωνήσαντε.</em></strong></span> <span class='ocrx_word' id='word_1_258' title='bbox 613 3995 763 4081; x_wconf 84' lang='grc' dir='ltr'><strong><em>σύνηθες</em></strong></span> <span class='ocrx_word' id='word_1_259' title='bbox 780 3992 844 4082; x_wconf 87' lang='grc' dir='ltr'><strong><em>γάρ</em></strong></span> <span class='ocrx_word' id='word_1_260' title='bbox 862 3991 954 4085; x_wconf 74' lang='grc' dir='ltr'><strong><em>αὐτῷ</em></strong></span> <span class='ocrx_word' id='word_1_261' title='bbox 971 3993 1008 4064; x_wconf 86' lang='grc' dir='ltr'><strong><em>τό</em></strong></span> <span class='ocrx_word' id='word_1_262' title='bbox 1028 4001 1172 4063; x_wconf 83' lang='grc' dir='ltr'><strong><em>τοιοῦτο.</em></strong></span> <span class='ocrx_word' id='word_1_263' title='bbox 1197 3997 1235 4062; x_wconf 86' lang='grc' dir='ltr'><strong><em>έν</em></strong></span> <span class='ocrx_word' id='word_1_264' title='bbox 1253 4002 1338 4082; x_wconf 81' lang='grc' dir='ltr'><strong><em>γοῦν</em></strong></span> 
     </span>
     <span class='ocr_line' id='line_1_37' title="bbox 232 4094 1338 4188; baseline 0 -24"><span class='ocrx_word' id='word_1_265' title='bbox 232 4103 272 4185; x_wconf 74' lang='grc' dir='ltr'><strong><em>τῇ</em></strong></span> <span class='ocrx_word' id='word_1_266' title='bbox 310 4101 550 4188; x_wconf 74' lang='grc' dir='ltr'><strong><em>παραποταμίην</em></strong></span> <span class='ocrx_word' id='word_1_267' title='bbox 589 4094 675 4186; x_wconf 85' lang='grc' dir='ltr'><strong><em>μάχη</em></strong></span> <span class='ocrx_word' id='word_1_268' title='bbox 708 4103 768 4164; x_wconf 83' lang='grc' dir='ltr'><strong><em>τοῦ</em></strong></span> <span class='ocrx_word' id='word_1_269' title='bbox 800 4101 1016 4176; x_wconf 74' lang='grc' dir='ltr'><strong><em>Ποσειδῶνος</em></strong></span> <span class='ocrx_word' id='word_1_270' title='bbox 1046 4096 1200 4176; x_wconf 79' lang='grc' dir='ltr'><strong><em>εἰπόντος</em></strong></span> <span class='ocrx_word' id='word_1_271' title='bbox 1230 4097 1338 4183; x_wconf 83' lang='grc' dir='ltr'><strong><em>μόνον</em></strong></span> 
     </span>
     <span class='ocr_line' id='line_1_38' title="bbox 231 4194 1337 4287; baseline -0.001 -21"><span class='ocrx_word' id='word_1_272' title='bbox 231 4204 327 4266; x_wconf 65' lang='grc' dir='ltr'><strong><em>ετοίω</em></strong></span> <span class='ocrx_word' id='word_1_273' title='bbox 355 4197 418 4287; x_wconf 90' lang='grc' dir='ltr'><strong><em>γάρ</em></strong></span> <span class='ocrx_word' id='word_1_274' title='bbox 444 4223 495 4267; x_wconf 93' lang='grc' dir='ltr'><strong><em>τοι</em></strong></span> <span class='ocrx_word' id='word_1_275' title='bbox 521 4204 587 4266; x_wconf 83' lang='grc' dir='ltr'><strong><em>νιόι·</em></strong></span> <span class='ocrx_word' id='word_1_276' title='bbox 607 4205 699 4267; x_wconf 79' lang='grc' dir='ltr'><strong><em>θεάν</em></strong></span> <span class='ocrx_word' id='word_1_277' title='bbox 722 4196 934 4287; x_wconf 77' lang='grc' dir='ltr'><strong><em>ἐπιταρρόθω</em></strong></span> <span class='ocrx_word' id='word_1_278' title='bbox 958 4197 1048 4284; x_wconf 76' lang='grc' dir='ltr'><strong><em>είμὲν</em></strong></span> <span class='ocrx_word' id='word_1_279' title='bbox 1069 4194 1178 4284; x_wconf 83' lang='grc' dir='ltr'><strong><em>Ζηνὸς</em></strong></span> <span class='ocrx_word' id='word_1_280' title='bbox 1198 4199 1337 4285; x_wconf 77' lang='grc' dir='ltr'><strong><em>ἐπαινή-</em></strong></span> 
     </span>
     <span class='ocr_line' id='line_1_39' title="bbox 230 4296 1339 4388; baseline 0.001 -21"><span class='ocrx_word' id='word_1_281' title='bbox 230 4311 369 4380; x_wconf 86' lang='grc' dir='ltr'><strong><em>σαντος’</em></strong></span> <span class='ocrx_word' id='word_1_282' title='bbox 392 4301 542 4388; x_wconf 80' lang='grc' dir='ltr'><strong><em>ἐπιφέρει</em></strong></span> <span class='ocrx_word' id='word_1_283' title='bbox 563 4299 628 4368; x_wconf 61' lang='grc' dir='ltr'><strong><em>ετά</em></strong></span> <span class='ocrx_word' id='word_1_284' title='bbox 648 4299 711 4386; x_wconf 71' lang='grc' dir='ltr'><strong><em>μὲν</em></strong></span> <span class='ocrx_word' id='word_1_285' title='bbox 738 4296 792 4387; x_wconf 82' lang='grc' dir='ltr'><strong><em>ἄρ’</em></strong></span> <span class='ocrx_word' id='word_1_286' title='bbox 815 4296 873 4380; x_wconf 68' lang='lat' dir='ltr'><strong>sic.</strong></span> <span class='ocrx_word' id='word_1_287' title='bbox 888 4299 1020 4368; x_wconf 85' lang='grc' dir='ltr'><strong><em>είπόντε</em></strong></span> <span class='ocrx_word' id='word_1_288' title='bbox 1046 4298 1119 4386; x_wconf 84' lang='grc' dir='ltr'><strong><em>μετ’</em></strong></span> <span class='ocrx_word' id='word_1_289' title='bbox 1143 4297 1339 4381; x_wconf 83' lang='grc' dir='ltr'><strong><em>ἀθανάτους</em></strong></span> 
     </span>
    </p>
   </div>
   <div class='ocr_carea' id='block_1_3' title="bbox 0 0 1427 4860">
    <p class='ocr_par' dir='ltr' id='par_1_21' title="bbox 0 0 1427 4860">
     <span class='ocr_line' id='line_1_40' title="bbox 0 0 1427 4860; baseline 0 0"><span class='ocrx_word' id='word_1_290' title='bbox 0 0 1427 4860; x_wconf 95' lang='lat' dir='ltr'><strong><em> </em></strong></span> 
     </span>
    </p>
   </div>
  </div>
 </body>
</html>
