2752 4890
165 369 225 432 148
355 421 357 430 .
589 368 793 428 -Ν-

245 539 314 598 115.
338 537 375 598 έν
397 551 462 598 τισι
485 538 553 598 τῶν
576 528 827 618 ὑπομνημάτων
847 529 903 598 διὰ
923 535 984 596 τοῦ
1012 531 1071 614 τέ,
1108 526 1286 597 ἀκεσταί

160 660 203 701 τε
225 631 300 702 α’ντλ
322 638 384 700 τοῦ
406 629 579 700 ἀκεσταί
597 658 671 700 τοι.
693 640 734 701 A.

205 791 207 796 .
250 742 335 816 [144.
359 738 449 822 ῥεῖα
475 735 788 804 διελεύσεσθαι.
820 731 928 814 οὕτως
941 730 1163 821 Ἀρίσταρχος,
1191 738 1226 802 οί
1245 735 1280 803 δὲ

52 899 53 902 ,
170 841 254 924 ῥεῖα
277 833 309 904 δ’
332 836 593 906 ἐλεύσεσθαι.
612 840 665 918 V.]

241 943 258 1010 ’ί
280 944 351 1005 166.
372 939 561 1023 Ζηνόδοτος
581 936 807 1025 [Ἀρίσταρχος
827 942 888 1018 V.].
903 941 1086 1024 ξυνίηξε,
1111 943 1154 1007 A.

245 1044 316 1106 148.
341 1041 395 1106 Ab
418 1037 564 1125 ἠγνόησε
598 1081 627 1092 -
659 1038 810 1129 ἀποπέσῃ
840 1044 994 1108 videntur
1023 1044 1163 1131 Didymi
1195 1067 1277 1127 esse,

159 1145 323 1234 praesenti
354 1144 439 1206 enim
460 1145 562 1208 utitur
584 1146 803 1229 Aristonicus,
831 1146 874 1209 cf.
903 1167 936 1208 v.
968 1147 1038 1209 172.
1089 1146 1279 1210 Friedlacn·

159 1247 228 1311 der.
248 1269 280 1332 p.
298 1249 358 1310 216
381 1255 490 1309 tamon
513 1246 699 1320 Aristonico
716 1248 870 1313 vindicat.

247 1349 318 1410 179.
341 1340 449 1423 οὕτως
470 1341 681 1431 Ἀρίσταρχος
703 1347 833 1433 ἑνικῶς,
858 1343 953 1414 ἀλλοι
970 1349 1006 1413 δε
1021 1351 1219 1433 κορυφῇς.
1235 1349 1277 1411 A.

245 1453 316 1513 191.
348 1445 456 1526 οὕτως
490 1451 527 1513 at
552 1444 768 1534 Ἀριστάρχου
802 1450 938 1535 χρόος,
969 1445 1014 1528 ἀς
1041 1447 1157 1532 λόγος·
1194 1447 1280 1534 βού-

165 1557 256 1624 λεται
281 1549 317 1616 δὲ
355 1553 536 1637 διῃρῆσθαι
569 1547 631 1634 τὴν
663 1547 812 1617 εόθείαν.
863 1549 1062 1636 [Ζηνόδοτος
1091 1551 1127 1616 δὲ
1153 1549 1279 1635 γράφει

159 1649 285 1737 χροός]
316 1655 357 1717 A.
401 1653 533 1718 Inclusa
556 1653 632 1718 vido
650 1676 691 1718 ne
710 1654 890 1718 Aristonici
912 1655 986 1718 sint.

245 1757 331 1842 (198.
351 1749 460 1837 αἶγα·
485 1753 674 1838 Ζηνόδοτος
693 1749 814 1838 αἶγε..
839 1755 893 1840 Β.)

245 1858 317 1920 222.
337 1851 546 1940 Ἀρίσταρχος
566 1851 647 1942 μετά
663 1860 725 1921 του
738 1881 769 1941 γ,
790 1861 868 1922 νῦν
884 1851 916 1940 γ’
934 1862 1078 1934 αίτιος.
1101 1857 1144 1922 A.
1171 1851 1279 1940 [Ἀρι-

160 1957 331 2042 στοφάνης
353 1963 430 2023 νῦν
452 1953 484 2024 δ’
504 1966 651 2036 αίτιος.
673 1958 728 2041 V.]

244 2063 317 2124 225.
341 2054 449 2139 οὕτως
468 2059 524 2126 διὰ
545 2064 606 2126 τοῦ
628 2085 649 2124 ν
671 2055 874 2129 ἀνδύεται
895 2061 932 2124 at
948 2055 1175 2179 Ἀριστάρχου.
1198 2059 1241 2122 Α.

245 2165 317 2226 229.
349 2159 416 2228 ὅτε
443 2162 643 2247 μεθιέντα
674 2165 803 2247 ίδηαι·
836 2160 1076 2246 γράφεταικαλ
1103 2153 1174 2225 ὅθι
1203 2183 1280 2244 με-

159 2269 277 2352 θίησι
301 2261 460 2329 πόνοιο.
484 2267 526 2329 A.

242 2369 314 2430 237.
335 2363 524 2448 Ζηνόδοτος
544 2365 611 2443 [και
631 2362 873 2451 Ἀριστοφάνης
895 2365 948 2444 V.]
972 2361 1211 2450 σνμφερτός
1234 2367 1278 2432 δὲ

160 2472 239 2554 βίη.
261 2470 303 2534 A.

243 2572 316 2633 245.
347 2571 443 2652 περὶ
468 2528 688 2652 στηθεσσι
729 2567 918 2654 Ζηνόδοτος
949 2571 1004 2635 καί
1031 2564 1279 2655 Ἀριστοφάνης

161 2669 226 2736 ἐπὶ
250 2667 466 2753 στήθεσσι.
489 2671 531 2734 A.

243 2776 316 2837 246.
341 2765 569 2892 ὁΖηνόδοτος
591 2772 646 2838 και
667 2767 685 2837 ὁ
706 2769 986 2858 Ἀριστοφάνης’
968 2776 1044 2838 αντί
1060 2776 1121 2838 τοῦ
1142 2767 1280 2854 θερά-

160 2899 248 2940 πων
277 2872 534 2959 ε’ὕςγράφουσι
557 2873 858 2959 δουρὶκλυτός.
881 2878 923 2940 A.
946 2875 989 2938 cf.
1012 2875 1193 2980 Ducntzcr.
1215 2875 1278 2940 Ze-

161 2977 346 3062 nod.p.5,
373 2980 421 3040 19.

246 3080 318 3141 257.
342 3073 532 3159 Ζηνόδοτος
553 3076 833 3163 κατεάξαμεν,
857 3074 962 3144 διά
929 3103 966 3143 το
990 3103 1045 3144 και
1035 3077 1104 3142 έν
1126 3087 1197 3155 τοῖς
1215 3079 1279 3160 έμ-

161 3185 314 3260 προσθεν
338 3172 472 3264 (166)“
451 3204 469 3244 ο
489 3181 663 3264 ξυνέηξε
689 3181 810 3262 λέγειν.
833 3183 887 3264 A.,
911 3181 977 3244 nisi
999 3180 1062 3266 leg.
1081 3174 1280 3264 ἡδιπλῆ-

160 3282 312 3362 ἔχεσκον
334 3273 366 3361 [ἡ
387 3274 461 3344 δὲ’
442 3279 609 3364 αναφορά,
631 3274 682 3344 ὅτι
702 3280 891 3363 Ζηνόδοτος
913 3281 993 3372 urs]

238 3383 318 3445 287.
348 3374 456 3458 οὕτως
478 3378 533 3447 διά
556 3387 618 3448 τοῦ
639 3384 683 3465 γέ
703 3384 896 3468 συνδέσμου
919 3387 956 3450 αί
974 3356 1201 3468 Ἀριστάρχου.
1232 3384 1277 3448 A.

246 3484 317 3546 289.
360 3477 467 3560 οὕτως
494 3477 704 3570 Ἀρίσταρχος
728 3481 806 3551 οὐκ
842 3482 892 3552 ἀν
928 3483 984 3552 διά
1008 3490 1078 3552 τοῦ
1107 3511 1139 3569 α,
1172 3487 1210 3551 αί
1237 3483 1279 3551 δὲ

161 3580 339 3650 κοιναιοῦ
360 3608 443 3649 κεν.
462 3587 536 3651 A..
584 3601 587 3608 ’
1039 3619 1069 3626 ·“

247 3688 318 3750 315.
349 3679 424 3749 κατ’
453 3689 526 3752 ἔνια
554 3691 623 3752 τεόν
649 3680 901 3772 ὑπομνημάτων
931 3690 973 3753 οἵ
992 3712 1062 3773 μιν
1081 3683 1187 3769 άδην
1210 3684 1276 3751 έά-

160 3805 303 3870 σονσι,
326 3783 346 3851 6
363 3788 431 3851 ἐστι
454 3788 673 3873 κορέσουσιν,
696 3791 750 3854 καὶ
770 3789 825 3854 έπὶ
842 3794 904 3855 τοῦ
923 3793 1139 3867 Ποσειδῶνος
1157 3789 1237 3876 (Od.
1262 3814 1279 3854 ε

161 3889 238 3969 299)
262 3881 348 3953 ἀλλ’
373 3891 433 3954 ἔτι
453 3890 526 3975 μέν
549 3895 619 3975 μίν
639 3915 741 3974 φημι
765 3886 871 3975 ά-δην
892 3891 1016 3959 ἐλάαν
1041 3890 1279 3974 κακότητος

127 3983 131 3990 ’
159 3989 215 4056 διὰ
237 3994 306 4054 τῶν
328 3987 391 4054 δόο
415 4015 457 4055 αα
480 3992 655 4076 παρέκειτο
678 3990 767 4057 ἑάαν.
791 4005 955 4076 μαρτυρεῖ
973 3993 1028 4060 καὶ
1050 3989 1087 4058 τό
1108 3988 1217 4058 ’ἄσειν
1239 3994 1280 4057 έν

163 4096 265 4177 Τροίη
286 4091 402 4175 ταχέας
422 4092 537 4172 κόνας’
563 4095 618 4182 (ΙΙ.
642 4101 672 4159 A
694 4094 788 4182 817)·
809 4089 918 4171 οὕτως
938 4089 1156 4179 Ἀρίσταρχος.
1188 4098 1231 4159 A.

245 4195 317 4259 318.
338 4200 512 4262 κείναν·
536 4192 643 4273 οὕτως
668 4201 906 4279 πληθυντικῶς
928 4198 965 4261 αί
979 4190 1207 4280 Ἀριστάρχου.
1232 4197 1277 4262 A.

240 4291 449 4380 Ἀρίσταρχος
468 4293 666 4383 ἀέπτους,
690 4293 786 4364 ἀλλοι
803 4297 838 4364 δὲ
860 4292 1053 4375 ἀάπτους.
1092 4299 1133 4362 A.
