<?xml version="1.0" encoding="UTF-8"?>
<!DOCTYPE html PUBLIC "-//W3C//DTD XHTML 1.0 Transitional//EN"
    "http://www.w3.org/TR/xhtml1/DTD/xhtml1-transitional.dtd">
<html xmlns="http://www.w3.org/1999/xhtml" xml:lang="en" lang="en">
 <head>
  <title>
</title>
<meta http-equiv="Content-Type" content="text/html;charset=utf-8" />
  <meta name='ocr-system' content='tesseract 3.04.00' />
  <meta name='ocr-capabilities' content='ocr_page ocr_carea ocr_par ocr_line ocrx_word'/>
</head>
<body>
  <div class='ocr_page' id='page_1' title='image "./didymichalcente01schmgoog_0260.png"; bbox 0 0 2894 4890; ppageno 0'>
   <div class='ocr_carea' id='block_1_1' title="bbox 1122 375 1233 437">
    <p class='ocr_par' dir='ltr' id='par_1_1' title="bbox 1122 375 1233 437">
     <span class='ocr_line' id='line_1_1' title="bbox 1122 375 1233 437; baseline 0.027 -3"><span class='ocrx_word' id='word_1_1' title='bbox 1122 431 1123 434; x_wconf 74' lang='grc'>,</span> <span class='ocrx_word' id='word_1_2' title='bbox 1173 375 1233 437; x_wconf 82' lang='grc'><strong><em>241</em></strong></span> 
     </span>
    </p>
   </div>
   <div class='ocr_carea' id='block_1_2' title="bbox 122 523 1234 721">
    <p class='ocr_par' dir='ltr' id='par_1_2' title="bbox 122 501 1234 721">
     <span class='ocr_line' id='line_1_2' title="bbox 122 523 1234 625; baseline 0.012 -33"><span class='ocrx_word' id='word_1_3' title='bbox 122 523 280 593; x_wconf 86' lang='lat' dir='ltr'>memoria</span> <span class='ocrx_word' id='word_1_4' title='bbox 309 527 351 592; x_wconf 83' lang='lat' dir='ltr'><strong><em>ab</em></strong></span> <span class='ocrx_word' id='word_1_5' title='bbox 374 523 540 616; x_wconf 81' lang='lat' dir='ltr'>Hesychio</span> <span class='ocrx_word' id='word_1_6' title='bbox 563 529 585 594; x_wconf 94' lang='lat' dir='ltr'><strong><em>l.</em></strong></span> <span class='ocrx_word' id='word_1_7' title='bbox 609 531 630 594; x_wconf 89' lang='lat' dir='ltr'><strong><em>l.</em></strong></span> <span class='ocrx_word' id='word_1_8' title='bbox 653 541 848 617; x_wconf 80' lang='lat' dir='ltr'>propagata,</span> <span class='ocrx_word' id='word_1_9' title='bbox 877 534 918 598; x_wconf 83' lang='lat' dir='ltr'><strong><em>ab</em></strong></span> <span class='ocrx_word' id='word_1_10' title='bbox 946 557 1011 600; x_wconf 91' lang='lat' dir='ltr'><strong><em>uno</em></strong></span> <span class='ocrx_word' id='word_1_11' title='bbox 1033 537 1178 625; x_wconf 87' lang='lat' dir='ltr'>Didymo</span> <span class='ocrx_word' id='word_1_12' title='bbox 1199 543 1234 606; x_wconf 91' lang='lat' dir='ltr'><strong><em>in</em></strong></span> 
     </span>
     <span class='ocr_line' id='line_1_3' title="bbox 123 628 898 721; baseline 0.008 -29"><span class='ocrx_word' id='word_1_13' title='bbox 123 628 231 693; x_wconf 81' lang='lat' dir='ltr'>lexico</span> <span class='ocrx_word' id='word_1_14' title='bbox 253 630 379 713; x_wconf 83' lang='lat' dir='ltr'>tragico</span> <span class='ocrx_word' id='word_1_15' title='bbox 400 629 624 715; x_wconf 82' lang='lat' dir='ltr'>redintegrata</span> <span class='ocrx_word' id='word_1_16' title='bbox 643 632 750 698; x_wconf 84' lang='lat' dir='ltr'>videri</span> <span class='ocrx_word' id='word_1_17' title='bbox 769 635 898 721; x_wconf 78' lang='lat' dir='ltr'>poterit.</span> 
     </span>
    </p>
   </div>
   <div class='ocr_carea' id='block_1_3' title="bbox 352 839 1000 1073">
    <p class='ocr_par' dir='ltr' id='par_1_3' title="bbox 352 839 1000 1073">
     <span class='ocr_line' id='line_1_4' title="bbox 659 839 829 920; baseline 0.006 -62"><span class='ocrx_word' id='word_1_18' title='bbox 659 839 695 920; x_wconf 51' lang='lat'><strong><em>8·</em></strong></span> <span class='ocrx_word' id='word_1_19' title='bbox 821 845 829 859; x_wconf 87' lang='lat'>.</span> 
     </span>
     <span class='ocr_line' id='line_1_5' title="bbox 352 987 1000 1073; baseline 0.002 -20"><span class='ocrx_word' id='word_1_20' title='bbox 352 987 648 1053; x_wconf 78' lang='lat' dir='ltr'>Commentarii</span> <span class='ocrx_word' id='word_1_21' title='bbox 676 989 716 1051; x_wconf 93' lang='lat' dir='ltr'><strong><em>in</em></strong></span> <span class='ocrx_word' id='word_1_22' title='bbox 745 987 1000 1073; x_wconf 82' lang='lat' dir='ltr'>Sophoclem.</span> 
     </span>
    </p>
   </div>
   <div class='ocr_carea' id='block_1_4' title="bbox 84 1134 1239 4446">
    <p class='ocr_par' dir='ltr' id='par_1_4' title="bbox 123 1134 1235 1531">
     <span class='ocr_line' id='line_1_6' title="bbox 212 1134 1234 1229; baseline 0.008 -26"><span class='ocrx_word' id='word_1_23' title='bbox 212 1141 259 1228; x_wconf 78' lang='lat'><strong><em>(1)</em></strong></span> <span class='ocrx_word' id='word_1_24' title='bbox 281 1137 615 1224; x_wconf 82' lang='lat' dir='ltr'>Schol.Lau1·.Soph.</span> <span class='ocrx_word' id='word_1_25' title='bbox 641 1138 730 1202; x_wconf 81' lang='lat'>0.0.</span> <span class='ocrx_word' id='word_1_26' title='bbox 748 1143 806 1204; x_wconf 83' lang='lat'><strong><em>156</em></strong></span> <span class='ocrx_word' id='word_1_27' title='bbox 829 1134 916 1206; x_wconf 79' lang='grc' dir='ltr'><strong><em>ἀλλ’</em></strong></span> <span class='ocrx_word' id='word_1_28' title='bbox 940 1143 1009 1206; x_wconf 86' lang='grc' dir='ltr'><strong><em>ίνα</em></strong></span> <span class='ocrx_word' id='word_1_29' title='bbox 1029 1139 1081 1228; x_wconf 75' lang='grc' dir='ltr'><strong><em>μὴ</em></strong></span> <span class='ocrx_word' id='word_1_30' title='bbox 1103 1165 1234 1229; x_wconf 87' lang='grc' dir='ltr'><strong><em>προο-</em></strong></span> 
     </span>
     <span class='ocr_line' id='line_1_7' title="bbox 123 1236 1235 1329; baseline 0.004 -22"><span class='ocrx_word' id='word_1_31' title='bbox 123 1243 269 1328; x_wconf 80' lang='grc' dir='ltr'><strong><em>πέσῃς·</em></strong></span> <span class='ocrx_word' id='word_1_32' title='bbox 306 1236 380 1305; x_wconf 81' lang='grc' dir='ltr'><strong><em>ἀντὶ</em></strong></span> <span class='ocrx_word' id='word_1_33' title='bbox 400 1242 462 1304; x_wconf 83' lang='grc' dir='ltr'><strong><em>τοῦ</em></strong></span> <span class='ocrx_word' id='word_1_34' title='bbox 486 1236 531 1323; x_wconf 77' lang='grc' dir='ltr'><strong><em>μὴ</em></strong></span> <span class='ocrx_word' id='word_1_35' title='bbox 553 1239 754 1324; x_wconf 79' lang='grc' dir='ltr'><strong><em>προσπέσῃς.</em></strong></span> <span class='ocrx_word' id='word_1_36' title='bbox 799 1241 854 1305; x_wconf 85' lang='grc' dir='ltr'><strong><em>καὶ</em></strong></span> <span class='ocrx_word' id='word_1_37' title='bbox 882 1239 964 1307; x_wconf 83' lang='grc' dir='ltr'><strong><em>κατὰ</em></strong></span> <span class='ocrx_word' id='word_1_38' title='bbox 987 1239 1048 1328; x_wconf 82' lang='grc' dir='ltr'><strong><em>τὴν</em></strong></span> <span class='ocrx_word' id='word_1_39' title='bbox 1071 1238 1235 1329; x_wconf 79' lang='grc' dir='ltr'><strong><em>ἡμετέραν</em></strong></span> 
     </span>
     <span class='ocr_line' id='line_1_8' title="bbox 124 1335 1235 1434; baseline 0.004 -26"><span class='ocrx_word' id='word_1_40' title='bbox 124 1341 314 1428; x_wconf 72' lang='grc' dir='ltr'><strong><em>συνήθειαν</em></strong></span> <span class='ocrx_word' id='word_1_41' title='bbox 338 1339 507 1425; x_wconf 72' lang='grc' dir='ltr'><strong><em>εἰώθαμεν</em></strong></span> <span class='ocrx_word' id='word_1_42' title='bbox 530 1337 640 1423; x_wconf 79' lang='grc' dir='ltr'><strong><em>λέγειν</em></strong></span> <span class='ocrx_word' id='word_1_43' title='bbox 662 1335 780 1426; x_wconf 79' lang='grc' dir='ltr'><strong><em>οὕτως,</em></strong></span> <span class='ocrx_word' id='word_1_44' title='bbox 802 1343 858 1406; x_wconf 84' lang='grc' dir='ltr'><strong><em>ἵνα</em></strong></span> <span class='ocrx_word' id='word_1_45' title='bbox 873 1346 1043 1433; x_wconf 78' lang='grc' dir='ltr'><em>παραγένῃ</em></span> <span class='ocrx_word' id='word_1_46' title='bbox 1061 1343 1145 1432; x_wconf 84' lang='grc' dir='ltr'><strong><em>πρὸς</em></strong></span> <span class='ocrx_word' id='word_1_47' title='bbox 1167 1347 1235 1434; x_wconf 78' lang='grc' dir='ltr'><strong><em>ἐμέ,</em></strong></span> 
     </span>
     <span class='ocr_line' id='line_1_9' title="bbox 124 1437 931 1531; baseline 0.001 -21"><span class='ocrx_word' id='word_1_48' title='bbox 124 1445 293 1531; x_wconf 81' lang='grc' dir='ltr'><strong><em>βούλομαί</em></strong></span> <span class='ocrx_word' id='word_1_49' title='bbox 313 1462 367 1509; x_wconf 88' lang='grc' dir='ltr'><strong><em>σοι</em></strong></span> <span class='ocrx_word' id='word_1_50' title='bbox 390 1445 575 1526; x_wconf 86' lang='grc' dir='ltr'><strong><em>σημαίνειν.</em></strong></span> <span class='ocrx_word' id='word_1_51' title='bbox 622 1437 711 1506; x_wconf 78' lang='grc' dir='ltr'><strong><em>οὕτω</em></strong></span> <span class='ocrx_word' id='word_1_52' title='bbox 734 1446 931 1529; x_wconf 80' lang='grc' dir='ltr'><em>Δίδυμος.</em></span> 
     </span>
    </p>

    <p class='ocr_par' dir='ltr' id='par_1_5' title="bbox 122 1533 1237 2953">
     <span class='ocr_line' id='line_1_10' title="bbox 213 1533 1235 1635; baseline 0.007 -25"><span class='ocrx_word' id='word_1_53' title='bbox 213 1547 261 1635; x_wconf 76' lang='grc'><strong><em>(2)</em></strong></span> <span class='ocrx_word' id='word_1_54' title='bbox 285 1547 330 1611; x_wconf 92' lang='lat' dir='ltr'><strong><em>ib.</em></strong></span> <span class='ocrx_word' id='word_1_55' title='bbox 351 1548 411 1609; x_wconf 83' lang='lat'><strong><em>237</em></strong></span> <span class='ocrx_word' id='word_1_56' title='bbox 440 1533 468 1608; x_wconf 78' lang='lat' dir='ltr'><strong><em>oi</em></strong></span> <span class='ocrx_word' id='word_1_57' title='bbox 493 1543 611 1620; x_wconf 81' lang='grc' dir='ltr'><strong><em>ξένοι</em></strong></span> <span class='ocrx_word' id='word_1_58' title='bbox 641 1543 915 1630; x_wconf 79' lang='grc' dir='ltr'><strong><em>αἰδόφρονες·</em></strong></span> <span class='ocrx_word' id='word_1_59' title='bbox 946 1544 983 1613; x_wconf 85' lang='grc' dir='ltr'><strong><em>τὸ</em></strong></span> <span class='ocrx_word' id='word_1_60' title='bbox 1006 1545 1235 1634; x_wconf 81' lang='grc' dir='ltr'><strong><em>τῆςἈντιγό-</em></strong></span> 
     </span>
     <span class='ocr_line' id='line_1_11' title="bbox 122 1641 1235 1736; baseline 0.004 -22"><span class='ocrx_word' id='word_1_61' title='bbox 122 1673 184 1732; x_wconf 85' lang='grc' dir='ltr'><strong><em>νης</em></strong></span> <span class='ocrx_word' id='word_1_62' title='bbox 208 1646 391 1733; x_wconf 84' lang='grc' dir='ltr'><strong><em>πρόσωπον</em></strong></span> <span class='ocrx_word' id='word_1_63' title='bbox 411 1641 494 1712; x_wconf 85' lang='grc' dir='ltr'><strong><em>ὅλον</em></strong></span> <span class='ocrx_word' id='word_1_64' title='bbox 523 1645 578 1710; x_wconf 81' lang='grc' dir='ltr'><strong><em>καί</em></strong></span> <span class='ocrx_word' id='word_1_65' title='bbox 598 1641 635 1710; x_wconf 84' lang='grc' dir='ltr'><strong><em>τὸ</em></strong></span> <span class='ocrx_word' id='word_1_66' title='bbox 657 1650 719 1710; x_wconf 84' lang='grc' dir='ltr'><strong><em>τοῦ</em></strong></span> <span class='ocrx_word' id='word_1_67' title='bbox 737 1652 842 1732; x_wconf 78' lang='grc' dir='ltr'><strong><em>χοροῦ</em></strong></span> <span class='ocrx_word' id='word_1_68' title='bbox 861 1645 898 1714; x_wconf 84' lang='grc' dir='ltr'><strong><em>τὰ</em></strong></span> <span class='ocrx_word' id='word_1_69' title='bbox 917 1648 1129 1736; x_wconf 79' lang='grc' dir='ltr'><strong><em>τετράστεγον</em></strong></span> <span class='ocrx_word' id='word_1_70' title='bbox 1151 1649 1235 1720; x_wconf 77' lang='grc' dir='ltr'><strong><em>ἄθε-</em></strong></span> 
     </span>
     <span class='ocr_line' id='line_1_12' title="bbox 126 1745 1236 1843; baseline 0.004 -27"><span class='ocrx_word' id='word_1_71' title='bbox 126 1755 275 1816; x_wconf 82' lang='grc' dir='ltr'><strong><em>τοῦνται.</em></strong></span> <span class='ocrx_word' id='word_1_72' title='bbox 332 1760 484 1833; x_wconf 76' lang='grc' dir='ltr'><strong><em>κρεῖττον</em></strong></span> <span class='ocrx_word' id='word_1_73' title='bbox 525 1745 589 1831; x_wconf 81' lang='grc' dir='ltr'><strong><em>γάρ</em></strong></span> <span class='ocrx_word' id='word_1_74' title='bbox 625 1766 731 1832; x_wconf 84' lang='grc' dir='ltr'><strong><em>φασιν</em></strong></span> <span class='ocrx_word' id='word_1_75' title='bbox 765 1745 893 1828; x_wconf 82' lang='grc' dir='ltr'><strong><em>εὐθέως</em></strong></span> <span class='ocrx_word' id='word_1_76' title='bbox 921 1756 968 1840; x_wconf 77' lang='grc' dir='ltr'><strong><em>τῷ</em></strong></span> <span class='ocrx_word' id='word_1_77' title='bbox 1000 1755 1236 1843; x_wconf 74' lang='grc' dir='ltr'><strong><em>δικαιολογικῷ</em></strong></span> 
     </span>
     <span class='ocr_line' id='line_1_13' title="bbox 125 1846 1236 1941; baseline 0.004 -23"><span class='ocrx_word' id='word_1_78' title='bbox 125 1852 314 1937; x_wconf 78' lang='grc' dir='ltr'><strong><em>χρήσασθαι</em></strong></span> <span class='ocrx_word' id='word_1_79' title='bbox 333 1847 393 1916; x_wconf 85' lang='grc' dir='ltr'><strong><em>τὸν</em></strong></span> <span class='ocrx_word' id='word_1_80' title='bbox 418 1852 586 1916; x_wconf 77' lang='grc' dir='ltr'><strong><em>Οἰδίπουν</em></strong></span> <span class='ocrx_word' id='word_1_81' title='bbox 607 1847 692 1934; x_wconf 87' lang='grc' dir='ltr'><strong><em>πρὸς</em></strong></span> <span class='ocrx_word' id='word_1_82' title='bbox 713 1846 848 1928; x_wconf 80' lang='grc' dir='ltr'><strong><em>αὐτούς.</em></strong></span> <span class='ocrx_word' id='word_1_83' title='bbox 890 1847 974 1918; x_wconf 77' lang='grc' dir='ltr'><strong><em>ἀλλὰ</em></strong></span> <span class='ocrx_word' id='word_1_84' title='bbox 995 1849 1036 1919; x_wconf 77' lang='grc' dir='ltr'><strong><em>τὰ</em></strong></span> <span class='ocrx_word' id='word_1_85' title='bbox 1058 1853 1236 1941; x_wconf 75' lang='grc' dir='ltr'><strong><em>πράγματα</em></strong></span> 
     </span>
     <span class='ocr_line' id='line_1_14' title="bbox 124 1946 1236 2040; baseline 0.004 -21"><span class='ocrx_word' id='word_1_86' title='bbox 124 1951 238 2030; x_wconf 82' lang='grc' dir='ltr'><strong><em>αὐτοῖς</em></strong></span> <span class='ocrx_word' id='word_1_87' title='bbox 258 1950 322 2019; x_wconf 81' lang='grc' dir='ltr'><strong><em>οὐκ</em></strong></span> <span class='ocrx_word' id='word_1_88' title='bbox 344 1954 381 2018; x_wconf 80' lang='grc' dir='ltr'><strong><em>ἐν</em></strong></span> <span class='ocrx_word' id='word_1_89' title='bbox 404 1956 511 2040; x_wconf 75' lang='grc' dir='ltr'><strong><em>καιρῷ</em></strong></span> <span class='ocrx_word' id='word_1_90' title='bbox 533 1953 642 2036; x_wconf 84' lang='grc' dir='ltr'><strong><em>ἐστιν,</em></strong></span> <span class='ocrx_word' id='word_1_91' title='bbox 666 1946 740 2018; x_wconf 79' lang='grc' dir='ltr'><strong><em>ἀλλ’</em></strong></span> <span class='ocrx_word' id='word_1_92' title='bbox 759 1953 796 2017; x_wconf 83' lang='grc' dir='ltr'><strong><em>ἐν</em></strong></span> <span class='ocrx_word' id='word_1_93' title='bbox 817 1955 1024 2040; x_wconf 79' lang='grc' dir='ltr'><strong><em>ἃυοπραγίᾳ,</em></strong></span> <span class='ocrx_word' id='word_1_94' title='bbox 1047 1953 1132 2022; x_wconf 76' lang='grc' dir='ltr'><strong><em>ὥστε</em></strong></span> <span class='ocrx_word' id='word_1_95' title='bbox 1154 1955 1236 2024; x_wconf 81' lang='grc' dir='ltr'><strong><em>ἐπα-</em></strong></span> 
     </span>
     <span class='ocr_line' id='line_1_15' title="bbox 125 2049 1236 2142; baseline 0.003 -21"><span class='ocrx_word' id='word_1_96' title='bbox 125 2056 289 2141; x_wconf 79' lang='grc' dir='ltr'><strong><em>φρόδιτον</em></strong></span> <span class='ocrx_word' id='word_1_97' title='bbox 312 2051 398 2122; x_wconf 83' lang='grc' dir='ltr'><strong><em>εἶναι</em></strong></span> <span class='ocrx_word' id='word_1_98' title='bbox 410 2049 522 2132; x_wconf 82' lang='grc' dir='ltr'><strong><em>αὐτοῖς</em></strong></span> <span class='ocrx_word' id='word_1_99' title='bbox 540 2050 602 2137; x_wconf 80' lang='grc' dir='ltr'><strong><em>τὴν</em></strong></span> <span class='ocrx_word' id='word_1_100' title='bbox 623 2053 868 2137; x_wconf 83' lang='grc' dir='ltr'><strong><em>ἐλεεινολογίαν</em></strong></span> <span class='ocrx_word' id='word_1_101' title='bbox 890 2053 945 2120; x_wconf 85' lang='grc' dir='ltr'><strong><em>καί</em></strong></span> <span class='ocrx_word' id='word_1_102' title='bbox 967 2061 1066 2122; x_wconf 86' lang='grc' dir='ltr'><strong><em>τοῦτο</em></strong></span> <span class='ocrx_word' id='word_1_103' title='bbox 1079 2053 1116 2122; x_wconf 85' lang='grc' dir='ltr'><strong><em>τὸ</em></strong></span> <span class='ocrx_word' id='word_1_104' title='bbox 1129 2058 1236 2142; x_wconf 87' lang='grc' dir='ltr'><strong><em>πρόσ-</em></strong></span> 
     </span>
     <span class='ocr_line' id='line_1_16' title="bbox 123 2147 1236 2242; baseline 0.002 -19"><span class='ocrx_word' id='word_1_105' title='bbox 123 2182 217 2225; x_wconf 86' lang='grc' dir='ltr'><strong><em>ωπον</em></strong></span> <span class='ocrx_word' id='word_1_106' title='bbox 242 2153 457 2242; x_wconf 79' lang='grc' dir='ltr'><strong><em>ἡἉντιγόυη</em></strong></span> <span class='ocrx_word' id='word_1_107' title='bbox 486 2163 615 2239; x_wconf 77' lang='grc' dir='ltr'><strong><em>πληροῖ.</em></strong></span> <span class='ocrx_word' id='word_1_108' title='bbox 661 2155 732 2220; x_wconf 77' lang='grc' dir='ltr'><strong><em>ἐπεὶ</em></strong></span> <span class='ocrx_word' id='word_1_109' title='bbox 761 2156 876 2238; x_wconf 88' lang='grc' dir='ltr'><strong><em>μέντοι</em></strong></span> <span class='ocrx_word' id='word_1_110' title='bbox 903 2147 998 2222; x_wconf 82' lang='grc' dir='ltr'><strong><em>οὗτοι</em></strong></span> <span class='ocrx_word' id='word_1_111' title='bbox 1027 2155 1068 2222; x_wconf 85' lang='grc' dir='ltr'><strong><em>οὐ</em></strong></span> <span class='ocrx_word' id='word_1_112' title='bbox 1092 2163 1236 2228; x_wconf 79' lang='grc' dir='ltr'><strong><em>πείθον-</em></strong></span> 
     </span>
     <span class='ocr_line' id='line_1_17' title="bbox 126 2251 1236 2344; baseline 0.002 -19"><span class='ocrx_word' id='word_1_113' title='bbox 126 2283 196 2342; x_wconf 89' lang='grc' dir='ltr'><strong><em>ται,</em></strong></span> <span class='ocrx_word' id='word_1_114' title='bbox 218 2257 293 2324; x_wconf 83' lang='grc' dir='ltr'><strong><em>τότε</em></strong></span> <span class='ocrx_word' id='word_1_115' title='bbox 314 2255 616 2342; x_wconf 77' lang='grc' dir='ltr'><strong><em>ὃικαιολογοίτερον</em></strong></span> <span class='ocrx_word' id='word_1_116' title='bbox 637 2254 692 2321; x_wconf 81' lang='grc' dir='ltr'><strong><em>καὶ</em></strong></span> <span class='ocrx_word' id='word_1_117' title='bbox 715 2252 827 2339; x_wconf 73' lang='grc' dir='ltr'><strong><em>οἵσπερ</em></strong></span> <span class='ocrx_word' id='word_1_118' title='bbox 850 2251 1121 2343; x_wconf 75' lang='grc' dir='ltr'><strong><em>ἀπολογούμενος</em></strong></span> <span class='ocrx_word' id='word_1_119' title='bbox 1142 2262 1236 2344; x_wconf 81' lang='grc' dir='ltr'><strong><em>ἐκφέ-</em></strong></span> 
     </span>
     <span class='ocr_line' id='line_1_18' title="bbox 126 2353 1234 2447; baseline 0.001 -20"><span class='ocrx_word' id='word_1_120' title='bbox 126 2386 178 2444; x_wconf 88' lang='grc' dir='ltr'><strong><em>ρει</em></strong></span> <span class='ocrx_word' id='word_1_121' title='bbox 198 2358 239 2427; x_wconf 84' lang='grc' dir='ltr'><strong><em>τόι</em></strong></span> <span class='ocrx_word' id='word_1_122' title='bbox 257 2359 329 2444; x_wconf 78' lang='grc' dir='ltr'><strong><em>ἑξῆς</em></strong></span> <span class='ocrx_word' id='word_1_123' title='bbox 350 2354 368 2425; x_wconf 87' lang='grc' dir='ltr'>ὁ</span> <span class='ocrx_word' id='word_1_124' title='bbox 394 2361 565 2442; x_wconf 77' lang='grc' dir='ltr'><strong><em>Οἰδίπους,</em></strong></span> <span class='ocrx_word' id='word_1_125' title='bbox 589 2355 641 2423; x_wconf 83' lang='grc' dir='ltr'><strong><em>ὅτι</em></strong></span> <span class='ocrx_word' id='word_1_126' title='bbox 664 2353 807 2422; x_wconf 79' lang='grc' dir='ltr'><strong><em>ἀκούσιοί</em></strong></span> <span class='ocrx_word' id='word_1_127' title='bbox 828 2359 920 2424; x_wconf 78' lang='grc' dir='ltr'><strong><em>ἐστιν</em></strong></span> <span class='ocrx_word' id='word_1_128' title='bbox 941 2354 1047 2426; x_wconf 78' lang='grc' dir='ltr'><strong><em>αὐτοῦ</em></strong></span> <span class='ocrx_word' id='word_1_129' title='bbox 1069 2357 1110 2427; x_wconf 84' lang='grc' dir='ltr'><strong><em>τὰ</em></strong></span> <span class='ocrx_word' id='word_1_130' title='bbox 1127 2356 1234 2447; x_wconf 84' lang='grc' dir='ltr'><strong><em>ἁμαρ-</em></strong></span> 
     </span>
     <span class='ocr_line' id='line_1_19' title="bbox 124 2453 1237 2548; baseline 0.003 -21"><span class='ocrx_word' id='word_1_131' title='bbox 124 2460 261 2546; x_wconf 81' lang='grc' dir='ltr'><strong><em>τήματα.</em></strong></span> <span class='ocrx_word' id='word_1_132' title='bbox 312 2459 368 2526; x_wconf 85' lang='grc' dir='ltr'><strong><em>καί</em></strong></span> <span class='ocrx_word' id='word_1_133' title='bbox 399 2463 429 2525; x_wconf 87' lang='grc' dir='ltr'><strong><em>εἰ</em></strong></span> <span class='ocrx_word' id='word_1_134' title='bbox 460 2461 565 2523; x_wconf 80' lang='grc' dir='ltr'><strong><em>ταῦτα</em></strong></span> <span class='ocrx_word' id='word_1_135' title='bbox 600 2463 658 2542; x_wconf 80' lang='grc' dir='ltr'><strong><em>τῆς</em></strong></span> <span class='ocrx_word' id='word_1_136' title='bbox 686 2453 802 2543; x_wconf 79' lang='grc' dir='ltr'><strong><em>ὁμοίας</em></strong></span> <span class='ocrx_word' id='word_1_137' title='bbox 832 2463 938 2543; x_wconf 79' lang='grc' dir='ltr'><strong><em>ἔχεται</em></strong></span> <span class='ocrx_word' id='word_1_138' title='bbox 970 2459 1146 2548; x_wconf 77' lang='grc' dir='ltr'><strong><em>δυνάμεως</em></strong></span> <span class='ocrx_word' id='word_1_139' title='bbox 1174 2470 1237 2530; x_wconf 83' lang='grc' dir='ltr'><strong><em>τοῦ</em></strong></span> 
     </span>
     <span class='ocr_line' id='line_1_20' title="bbox 128 2557 1236 2652; baseline 0.001 -22"><span class='ocrx_word' id='word_1_140' title='bbox 128 2567 279 2648; x_wconf 77' lang='grc' dir='ltr'><strong><em>ποιητοῦ.</em></strong></span> <span class='ocrx_word' id='word_1_141' title='bbox 330 2559 385 2626; x_wconf 81' lang='grc' dir='ltr'><strong><em>καὶ</em></strong></span> <span class='ocrx_word' id='word_1_142' title='bbox 419 2557 573 2625; x_wconf 75' lang='grc' dir='ltr'><strong><em>καθόλου</em></strong></span> <span class='ocrx_word' id='word_1_143' title='bbox 601 2559 780 2645; x_wconf 74' lang='grc' dir='ltr'><strong><em>θαυμαστή</em></strong></span> <span class='ocrx_word' id='word_1_144' title='bbox 809 2566 857 2639; x_wconf 91' lang='grc' dir='ltr'><strong><em>τίς</em></strong></span> <span class='ocrx_word' id='word_1_145' title='bbox 887 2562 977 2628; x_wconf 83' lang='grc' dir='ltr'><strong><em>ἐστιν</em></strong></span> <span class='ocrx_word' id='word_1_146' title='bbox 1012 2559 1033 2648; x_wconf 82' lang='grc' dir='ltr'><em>ἡ</em></span> <span class='ocrx_word' id='word_1_147' title='bbox 1063 2569 1236 2652; x_wconf 80' lang='grc' dir='ltr'><strong><em>οἰκονομία</em></strong></span> 
     </span>
     <span class='ocr_line' id='line_1_21' title="bbox 123 2655 1236 2751; baseline 0 -20"><span class='ocrx_word' id='word_1_148' title='bbox 123 2669 187 2732; x_wconf 83' lang='grc' dir='ltr'><strong><em>τοῦ</em></strong></span> <span class='ocrx_word' id='word_1_149' title='bbox 215 2661 392 2748; x_wconf 75' lang='grc' dir='ltr'><strong><em>δράματος.</em></strong></span> <span class='ocrx_word' id='word_1_150' title='bbox 437 2655 540 2728; x_wconf 71' lang='grc' dir='ltr'><strong><em>οὐδὲν</em></strong></span> <span class='ocrx_word' id='word_1_151' title='bbox 568 2658 605 2727; x_wconf 74' lang='grc' dir='ltr'><strong><em>δὲ</em></strong></span> <span class='ocrx_word' id='word_1_152' title='bbox 632 2661 669 2726; x_wconf 80' lang='grc' dir='ltr'><strong><em>ἐν</em></strong></span> <span class='ocrx_word' id='word_1_153' title='bbox 697 2673 767 2740; x_wconf 86' lang='grc' dir='ltr'><strong><em>τοῖς</em></strong></span> <span class='ocrx_word' id='word_1_154' title='bbox 789 2663 990 2746; x_wconf 76' lang='grc' dir='ltr'><strong><em>Διδύμον</em></strong></span> <span class='ocrx_word' id='word_1_155' title='bbox 1009 2662 1139 2730; x_wconf 84' lang='grc' dir='ltr'><strong><em>τούτων</em></strong></span> <span class='ocrx_word' id='word_1_156' title='bbox 1158 2661 1236 2751; x_wconf 83' lang='grc' dir='ltr'><strong><em>ὀβε-</em></strong></span> 
     </span>
     <span class='ocr_line' id='line_1_22' title="bbox 123 2759 1236 2860; baseline -0.002 -28"><span class='ocrx_word' id='word_1_157' title='bbox 123 2762 243 2832; x_wconf 73' lang='grc' dir='ltr'><strong><em>λισθὲν</em></strong></span> <span class='ocrx_word' id='word_1_158' title='bbox 266 2759 420 2860; x_wconf 82' lang='grc' dir='ltr'><strong><em>εὕρομεν.</em></strong></span> <span class='ocrx_word' id='word_1_159' title='bbox 466 2762 605 2826; x_wconf 84' lang='lat' dir='ltr'>Videtur</span> <span class='ocrx_word' id='word_1_160' title='bbox 626 2763 678 2826; x_wconf 92' lang='lat' dir='ltr'><strong><em>Pii</em></strong></span> <span class='ocrx_word' id='word_1_161' title='bbox 700 2785 772 2828; x_wconf 77' lang='lat' dir='ltr'>esee</span> <span class='ocrx_word' id='word_1_162' title='bbox 804 2764 970 2829; x_wconf 81' lang='lat' dir='ltr'>adnotatio</span> <span class='ocrx_word' id='word_1_163' title='bbox 986 2765 1137 2852; x_wconf 68' lang='lat' dir='ltr'><strong><em>‘Didymi</em></strong></span> <span class='ocrx_word' id='word_1_164' title='bbox 1165 2789 1236 2831; x_wconf 69' lang='lat' dir='ltr'><strong><em>ven</em></strong></span> 
     </span>
     <span class='ocr_line' id='line_1_23' title="bbox 123 2864 725 2953; baseline -0.012 -20"><span class='ocrx_word' id='word_1_165' title='bbox 123 2869 188 2950; x_wconf 85' lang='lat' dir='ltr'><strong><em>bis,</em></strong></span> <span class='ocrx_word' id='word_1_166' title='bbox 211 2869 423 2953; x_wconf 80' lang='lat' dir='ltr'>inquantum</span> <span class='ocrx_word' id='word_1_167' title='bbox 443 2864 558 2951; x_wconf 83' lang='lat' dir='ltr'>potuit,</span> <span class='ocrx_word' id='word_1_168' title='bbox 576 2865 725 2928; x_wconf 82' lang='lat' dir='ltr'>servatis.</span> 
     </span>
    </p>

    <p class='ocr_par' dir='ltr' id='par_1_6' title="bbox 125 2961 1237 3155">
     <span class='ocr_line' id='line_1_24' title="bbox 212 2961 1237 3056; baseline -0.001 -23"><span class='ocrx_word' id='word_1_169' title='bbox 212 2967 317 3056; x_wconf 81' lang='lat' dir='ltr'>(3)ib.</span> <span class='ocrx_word' id='word_1_170' title='bbox 331 2970 392 3032; x_wconf 84' lang='lat'><strong><em>763</em></strong></span> <span class='ocrx_word' id='word_1_171' title='bbox 414 2969 550 3049; x_wconf 89' lang='grc' dir='ltr'><strong><em>πείρα·</em></strong></span> <span class='ocrx_word' id='word_1_172' title='bbox 574 2963 770 3049; x_wconf 83' lang='grc' dir='ltr'><strong><em>βαρυτόυυς</em></strong></span> <span class='ocrx_word' id='word_1_173' title='bbox 790 2961 1026 3049; x_wconf 77' lang='grc' dir='ltr'><strong><em>ἀναγνωστέον</em></strong></span> <span class='ocrx_word' id='word_1_174' title='bbox 1041 2969 1177 3055; x_wconf 64' lang='grc' dir='ltr'><strong><em>πείρᾳ,</em></strong></span> <span class='ocrx_word' id='word_1_175' title='bbox 1195 2961 1237 3033; x_wconf 81' lang='grc' dir='ltr'><strong><em>οὐ</em></strong></span> 
     </span>
     <span class='ocr_line' id='line_1_25' title="bbox 125 3062 758 3155; baseline -0.014 -17"><span class='ocrx_word' id='word_1_176' title='bbox 125 3069 395 3155; x_wconf 81' lang='grc' dir='ltr'><strong><em>περισπωμένας.</em></strong></span> <span class='ocrx_word' id='word_1_177' title='bbox 446 3062 535 3142; x_wconf 76' lang='grc' dir='ltr'><strong><em>οὕτω</em></strong></span> <span class='ocrx_word' id='word_1_178' title='bbox 556 3068 720 3151; x_wconf 76' lang='grc' dir='ltr'><strong><em>Δίδυμο</em></strong></span> <span class='ocrx_word' id='word_1_179' title='bbox 733 3092 758 3143; x_wconf 90' lang='grc' dir='ltr'><strong><em>ς.</em></strong></span> 
     </span>
    </p>

    <p class='ocr_par' dir='ltr' id='par_1_7' title="bbox 124 3167 1238 4065">
     <span class='ocr_line' id='line_1_26' title="bbox 210 3167 1238 3257; baseline -0.004 -20"><span class='ocrx_word' id='word_1_180' title='bbox 210 3172 309 3237; x_wconf 80' lang='lat' dir='ltr'>Laur.</span> <span class='ocrx_word' id='word_1_181' title='bbox 340 3172 456 3253; x_wconf 67' lang='grc' dir='ltr'><strong><em>πείροῖι1</em></strong></span> <span class='ocrx_word' id='word_1_182' title='bbox 481 3170 569 3257; x_wconf 83' lang='grc' dir='ltr'><strong><em>(οἱο).</em></strong></span> <span class='ocrx_word' id='word_1_183' title='bbox 614 3169 822 3234; x_wconf 85' lang='lat' dir='ltr'>Hermannus</span> <span class='ocrx_word' id='word_1_184' title='bbox 853 3169 1037 3255; x_wconf 79' lang='lat' dir='ltr'>suspicatur</span> <span class='ocrx_word' id='word_1_185' title='bbox 1057 3167 1238 3255; x_wconf 91' lang='lat' dir='ltr'>Didymum</span> 
     </span>
     <span class='ocr_line' id='line_1_27' title="bbox 125 3264 1235 3359; baseline -0.002 -21"><span class='ocrx_word' id='word_1_186' title='bbox 125 3274 246 3359; x_wconf 80' lang='lat' dir='ltr'>legisse</span> <span class='ocrx_word' id='word_1_187' title='bbox 272 3275 305 3337; x_wconf 91' lang='grc' dir='ltr'><strong><em>τί</em></strong></span> <span class='ocrx_word' id='word_1_188' title='bbox 324 3274 403 3357; x_wconf 75' lang='grc' dir='ltr'><strong><em>τῇδε</em></strong></span> <span class='ocrx_word' id='word_1_189' title='bbox 426 3275 525 3357; x_wconf 79' lang='grc' dir='ltr'><strong><em>πείρᾳ</em></strong></span> <span class='ocrx_word' id='word_1_190' title='bbox 547 3273 601 3338; x_wconf 87' lang='lat' dir='ltr'><strong><em>vel</em></strong></span> <span class='ocrx_word' id='word_1_191' title='bbox 618 3276 651 3336; x_wconf 91' lang='grc' dir='ltr'><strong><em>τί</em></strong></span> <span class='ocrx_word' id='word_1_192' title='bbox 668 3275 790 3350; x_wconf 75' lang='grc' dir='ltr'><strong><em>ταύτας</em></strong></span> <span class='ocrx_word' id='word_1_193' title='bbox 810 3274 907 3357; x_wconf 79' lang='grc' dir='ltr'><strong><em>πείρᾳ</em></strong></span> <span class='ocrx_word' id='word_1_194' title='bbox 925 3264 1017 3354; x_wconf 85' lang='grc' dir='ltr'><strong><em>κίιμέ.</em></strong></span> <span class='ocrx_word' id='word_1_195' title='bbox 1048 3270 1101 3335; x_wconf 78' lang='lat' dir='ltr'><strong><em>cf.</em></strong></span> <span class='ocrx_word' id='word_1_196' title='bbox 1125 3271 1235 3336; x_wconf 90' lang='lat' dir='ltr'>Wolff.</span> 
     </span>
     <span class='ocr_line' id='line_1_28' title="bbox 125 3371 1237 3459; baseline -0.005 -19"><span class='ocrx_word' id='word_1_197' title='bbox 125 3375 166 3440; x_wconf 91' lang='lat' dir='ltr'><strong><em>de</em></strong></span> <span class='ocrx_word' id='word_1_198' title='bbox 199 3375 298 3440; x_wconf 80' lang='lat' dir='ltr'>schol.</span> <span class='ocrx_word' id='word_1_199' title='bbox 331 3374 429 3438; x_wconf 81' lang='lat' dir='ltr'>Leur.</span> <span class='ocrx_word' id='word_1_200' title='bbox 461 3397 494 3459; x_wconf 90' lang='lat' dir='ltr'><strong><em>p.</em></strong></span> <span class='ocrx_word' id='word_1_201' title='bbox 529 3376 601 3438; x_wconf 94' lang='grc'>229.</span> <span class='ocrx_word' id='word_1_202' title='bbox 653 3373 901 3439; x_wconf 82' lang='lat' dir='ltr'>Schneidewino</span> <span class='ocrx_word' id='word_1_203' title='bbox 933 3373 1041 3436; x_wconf 83' lang='lat' dir='ltr'>iudice</span> <span class='ocrx_word' id='word_1_204' title='bbox 1073 3371 1237 3458; x_wconf 83' lang='lat' dir='ltr'>Didymus</span> 
     </span>
     <span class='ocr_line' id='line_1_29' title="bbox 125 3473 1238 3560; baseline -0.004 -20"><span class='ocrx_word' id='word_1_205' title='bbox 125 3478 265 3541; x_wconf 83' lang='lat' dir='ltr'>coniecit</span> <span class='ocrx_word' id='word_1_206' title='bbox 279 3479 378 3560; x_wconf 82' lang='grc' dir='ltr'><strong><em>πείρᾳ</em></strong></span> <span class='ocrx_word' id='word_1_207' title='bbox 402 3476 436 3560; x_wconf 82' lang='lat' dir='ltr'><strong><em>(a</em></strong></span> <span class='ocrx_word' id='word_1_208' title='bbox 449 3477 604 3559; x_wconf 86' lang='grc' dir='ltr'><strong><em>πείραμαι</em></strong></span> <span class='ocrx_word' id='word_1_209' title='bbox 627 3475 856 3559; x_wconf 80' lang='lat' dir='ltr'>derivandum)</span> <span class='ocrx_word' id='word_1_210' title='bbox 880 3495 939 3560; x_wconf 89' lang='lat' dir='ltr'><strong><em>pro</em></strong></span> <span class='ocrx_word' id='word_1_211' title='bbox 952 3477 1050 3556; x_wconf 83' lang='grc' dir='ltr'><strong><em>πειρά</em></strong></span> <span class='ocrx_word' id='word_1_212' title='bbox 1062 3473 1096 3558; x_wconf 82' lang='lat' dir='ltr'><strong><em>(a</em></strong></span> <span class='ocrx_word' id='word_1_213' title='bbox 1114 3475 1238 3553; x_wconf 74' lang='grc' dir='ltr'><strong><em>πειρῶ-</em></strong></span> 
     </span>
     <span class='ocr_line' id='line_1_30' title="bbox 125 3571 1236 3664; baseline -0.005 -23"><span class='ocrx_word' id='word_1_214' title='bbox 125 3581 199 3661; x_wconf 89' lang='grc' dir='ltr'><strong><em>μαι)</em></strong></span> <span class='ocrx_word' id='word_1_215' title='bbox 223 3577 296 3642; x_wconf 84' lang='lat' dir='ltr'>ooll.</span> <span class='ocrx_word' id='word_1_216' title='bbox 323 3576 423 3641; x_wconf 85' lang='lat' dir='ltr'>schol.</span> <span class='ocrx_word' id='word_1_217' title='bbox 440 3577 561 3664; x_wconf 81' lang='lat' dir='ltr'>Odyes.</span> <span class='ocrx_word' id='word_1_218' title='bbox 577 3583 595 3641; x_wconf 92' lang='grc' dir='ltr'><strong><em>λ</em></strong></span> <span class='ocrx_word' id='word_1_219' title='bbox 613 3580 671 3640; x_wconf 89' lang='grc'><strong><em>221</em></strong></span> <span class='ocrx_word' id='word_1_220' title='bbox 696 3577 736 3641; x_wconf 87' lang='grc' dir='ltr'><strong><em>ΙΙ.</em></strong></span> <span class='ocrx_word' id='word_1_221' title='bbox 756 3581 785 3650; x_wconf 77' lang='grc' dir='ltr'><em>Ξ</em></span> <span class='ocrx_word' id='word_1_222' title='bbox 806 3578 865 3640; x_wconf 89' lang='grc'><strong><em>199</em></strong></span> <span class='ocrx_word' id='word_1_223' title='bbox 887 3573 1034 3638; x_wconf 86' lang='lat' dir='ltr'>Lobeok.</span> <span class='ocrx_word' id='word_1_224' title='bbox 1058 3571 1236 3658; x_wconf 79' lang='lat' dir='ltr'>Phrynioh.</span> 
     </span>
     <span class='ocr_line' id='line_1_31' title="bbox 124 3672 1237 3765; baseline -0.005 -23"><span class='ocrx_word' id='word_1_225' title='bbox 124 3701 157 3764; x_wconf 89' lang='lat' dir='ltr'><strong><em>p.</em></strong></span> <span class='ocrx_word' id='word_1_226' title='bbox 179 3681 241 3742; x_wconf 87' lang='lat'><strong><em>359</em></strong></span> <span class='ocrx_word' id='word_1_227' title='bbox 260 3701 328 3765; x_wconf 85' lang='lat' dir='ltr'>sq.‚</span> <span class='ocrx_word' id='word_1_228' title='bbox 357 3677 428 3742; x_wconf 85' lang='lat' dir='ltr'>fieri</span> <span class='ocrx_word' id='word_1_229' title='bbox 451 3688 560 3742; x_wconf 82' lang='lat' dir='ltr'>tamen</span> <span class='ocrx_word' id='word_1_230' title='bbox 584 3699 698 3764; x_wconf 81' lang='lat' dir='ltr'>posse,</span> <span class='ocrx_word' id='word_1_231' title='bbox 719 3687 756 3741; x_wconf 91' lang='lat' dir='ltr'><strong><em>ut</em></strong></span> <span class='ocrx_word' id='word_1_232' title='bbox 778 3673 942 3760; x_wconf 79' lang='lat' dir='ltr'>Didymus</span> <span class='ocrx_word' id='word_1_233' title='bbox 965 3673 1162 3738; x_wconf 82' lang='lat' dir='ltr'>eontrarium</span> <span class='ocrx_word' id='word_1_234' title='bbox 1182 3672 1237 3738; x_wconf 79' lang='lat' dir='ltr'><strong><em>ad-</em></strong></span> 
     </span>
     <span class='ocr_line' id='line_1_32' title="bbox 125 3764 1237 3865; baseline -0.007 -23"><span class='ocrx_word' id='word_1_235' title='bbox 125 3779 289 3843; x_wconf 83' lang='lat' dir='ltr'>notaverit</span> <span class='ocrx_word' id='word_1_236' title='bbox 322 3781 461 3865; x_wconf 79' lang='grc' dir='ltr'><strong><em>πειρᾷ·</em></strong></span> <span class='ocrx_word' id='word_1_237' title='bbox 480 3776 754 3860; x_wconf 58' lang='grc' dir='ltr'><strong><em>’περισπωμένως</em></strong></span> <span class='ocrx_word' id='word_1_238' title='bbox 776 3771 1010 3858; x_wconf 79' lang='grc' dir='ltr'><strong><em>ἇναγνωοτέον</em></strong></span> <span class='ocrx_word' id='word_1_239' title='bbox 1030 3775 1171 3857; x_wconf 82' lang='grc' dir='ltr'><strong><em>πειρᾷ,</em></strong></span> <span class='ocrx_word' id='word_1_240' title='bbox 1195 3764 1237 3834; x_wconf 80' lang='grc' dir='ltr'><strong><em>οὐ</em></strong></span> 
     </span>
     <span class='ocr_line' id='line_1_33' title="bbox 127 3873 1236 3965; baseline -0.009 -21"><span class='ocrx_word' id='word_1_241' title='bbox 127 3877 324 3964; x_wconf 85' lang='grc' dir='ltr'><strong><em>βαρυτόνως</em></strong></span> <span class='ocrx_word' id='word_1_242' title='bbox 344 3882 478 3965; x_wconf 79' lang='grc' dir='ltr'><strong><em>πείρᾳ.</em></strong></span> <span class='ocrx_word' id='word_1_243' title='bbox 524 3879 577 3945; x_wconf 79' lang='lat' dir='ltr'><strong><em>Of.</em></strong></span> <span class='ocrx_word' id='word_1_244' title='bbox 601 3879 716 3944; x_wconf 80' lang='lat' dir='ltr'><strong>Jahrb.</strong></span> <span class='ocrx_word' id='word_1_245' title='bbox 746 3879 770 3943; x_wconf 88' lang='lat' dir='ltr'><strong><em>f.</em></strong></span> <span class='ocrx_word' id='word_1_246' title='bbox 794 3878 913 3943; x_wconf 91' lang='lat' dir='ltr'>Philol.</span> <span class='ocrx_word' id='word_1_247' title='bbox 933 3900 965 3942; x_wconf 92' lang='lat' dir='ltr'><strong><em>u.</em></strong></span> <span class='ocrx_word' id='word_1_248' title='bbox 987 3875 1130 3959; x_wconf 83' lang='lat' dir='ltr'>Paedag.</span> <span class='ocrx_word' id='word_1_249' title='bbox 1156 3873 1236 3936; x_wconf 88' lang='lat'>1853</span> 
     </span>
     <span class='ocr_line' id='line_1_34' title="bbox 127 3979 408 4065; baseline 0 -22"><span class='ocrx_word' id='word_1_250' title='bbox 127 3979 259 4043; x_wconf 88' lang='lat' dir='ltr'>LXVII</span> <span class='ocrx_word' id='word_1_251' title='bbox 279 4001 311 4065; x_wconf 89' lang='lat' dir='ltr'><strong><em>p.</em></strong></span> <span class='ocrx_word' id='word_1_252' title='bbox 335 3982 408 4043; x_wconf 84' lang='lat'>501.</span> 
     </span>
    </p>

    <p class='ocr_par' dir='ltr' id='par_1_8' title="bbox 84 4063 1239 4365">
     <span class='ocr_line' id='line_1_35' title="bbox 214 4063 1238 4165; baseline -0.009 -24"><span class='ocrx_word' id='word_1_253' title='bbox 214 4079 262 4165; x_wconf 81' lang='lat'><strong><em>(4)</em></strong></span> <span class='ocrx_word' id='word_1_254' title='bbox 285 4081 363 4144; x_wconf 86' lang='lat' dir='ltr'>Ant.</span> <span class='ocrx_word' id='word_1_255' title='bbox 389 4085 408 4143; x_wconf 89' lang='grc'>4</span> <span class='ocrx_word' id='word_1_256' title='bbox 435 4071 519 4143; x_wconf 80' lang='grc' dir='ltr'><strong><em>οὔτ’</em></strong></span> <span class='ocrx_word' id='word_1_257' title='bbox 549 4072 650 4160; x_wconf 77' lang='grc' dir='ltr'><strong><em>ἄτης</em></strong></span> <span class='ocrx_word' id='word_1_258' title='bbox 679 4071 795 4159; x_wconf 84' lang='grc' dir='ltr'><strong><em>ίῖτερ·</em></strong></span> <span class='ocrx_word' id='word_1_259' title='bbox 825 4070 1014 4158; x_wconf 72' lang='grc' dir='ltr'><strong><em>Δίδυμός</em></strong></span> <span class='ocrx_word' id='word_1_260' title='bbox 1035 4088 1158 4155; x_wconf 84' lang='grc' dir='ltr'><strong><em>φησιν,</em></strong></span> <span class='ocrx_word' id='word_1_261' title='bbox 1186 4063 1238 4133; x_wconf 84' lang='grc' dir='ltr'><strong><em>ὅτι</em></strong></span> 
     </span>
     <span class='ocr_line' id='line_1_36' title="bbox 84 4173 1239 4262; baseline -0.01 -17"><span class='ocrx_word' id='word_1_262' title='bbox 84 4191 88 4198; x_wconf 94' lang='grc'><strong>’</strong></span> <span class='ocrx_word' id='word_1_263' title='bbox 127 4178 166 4244; x_wconf 78' lang='grc' dir='ltr'><strong><em>ἐν</em></strong></span> <span class='ocrx_word' id='word_1_264' title='bbox 185 4178 317 4256; x_wconf 80' lang='grc' dir='ltr'><strong><em>τούτοις</em></strong></span> <span class='ocrx_word' id='word_1_265' title='bbox 339 4177 376 4245; x_wconf 84' lang='grc' dir='ltr'><strong><em>τὸ</em></strong></span> <span class='ocrx_word' id='word_1_266' title='bbox 399 4173 499 4262; x_wconf 56' lang='grc' dir='ltr'><strong><em>είίτης</em></strong></span> <span class='ocrx_word' id='word_1_267' title='bbox 520 4173 618 4261; x_wconf 82' lang='grc' dir='ltr'><strong><em>ίίτερ’</em></strong></span> <span class='ocrx_word' id='word_1_268' title='bbox 643 4178 802 4254; x_wconf 81' lang='grc' dir='ltr'><strong><em>ἐναντίας</em></strong></span> <span class='ocrx_word' id='word_1_269' title='bbox 822 4176 1038 4241; x_wconf 82' lang='grc' dir='ltr'><strong><em>συντέτακται</em></strong></span> <span class='ocrx_word' id='word_1_270' title='bbox 1060 4181 1130 4248; x_wconf 78' lang='grc' dir='ltr'><strong><em>τοῖς</em></strong></span> <span class='ocrx_word' id='word_1_271' title='bbox 1151 4187 1239 4254; x_wconf 85' lang='grc' dir='ltr'><strong><em>συμ-</em></strong></span> 
     </span>
     <span class='ocr_line' id='line_1_37' title="bbox 127 4265 1237 4365; baseline -0.008 -21"><span class='ocrx_word' id='word_1_272' title='bbox 127 4281 357 4365; x_wconf 75' lang='grc' dir='ltr'><strong><em>φραζομίνοις.</em></strong></span> <span class='ocrx_word' id='word_1_273' title='bbox 403 4279 492 4363; x_wconf 82' lang='grc' dir='ltr'><strong><em>λέγει</em></strong></span> <span class='ocrx_word' id='word_1_274' title='bbox 516 4278 580 4364; x_wconf 82' lang='grc' dir='ltr'><strong><em>γὰρ</em></strong></span> <span class='ocrx_word' id='word_1_275' title='bbox 604 4273 727 4356; x_wconf 79' lang='grc' dir='ltr'><strong><em>οὕτως·</em></strong></span> <span class='ocrx_word' id='word_1_276' title='bbox 751 4272 852 4342; x_wconf 73' lang='grc' dir='ltr'><strong><em>οὐδὲν</em></strong></span> <span class='ocrx_word' id='word_1_277' title='bbox 875 4273 939 4360; x_wconf 84' lang='grc' dir='ltr'><strong><em>γάρ</em></strong></span> <span class='ocrx_word' id='word_1_278' title='bbox 962 4276 1054 4341; x_wconf 84' lang='grc' dir='ltr'><strong><em>ἐστιν</em></strong></span> <span class='ocrx_word' id='word_1_279' title='bbox 1076 4267 1155 4338; x_wconf 80' lang='grc' dir='ltr'><strong><em>οὔτε</em></strong></span> <span class='ocrx_word' id='word_1_280' title='bbox 1175 4265 1237 4337; x_wconf 77' lang='lat' dir='ltr'>oii-</span> 
     </span>
    </p>

    <p class='ocr_par' dir='ltr' id='par_1_9' title="bbox 180 4374 1030 4446">
     <span class='ocr_line' id='line_1_38' title="bbox 180 4374 1030 4446; baseline 0.004 -3"><span class='ocrx_word' id='word_1_281' title='bbox 180 4404 340 4446; x_wconf 74' lang='lat' dir='ltr'>mnnnos.</span> <span class='ocrx_word' id='word_1_282' title='bbox 992 4374 1030 4435; x_wconf 79' lang='grc'><strong><em>16</em></strong></span> 
     </span>
    </p>
   </div>
   <div class='ocr_carea' id='block_1_5' title="bbox 0 0 1457 4890">
    <p class='ocr_par' dir='ltr' id='par_1_10' title="bbox 0 0 1457 4890">
     <span class='ocr_line' id='line_1_39' title="bbox 0 0 1457 4890; baseline 0 0"><span class='ocrx_word' id='word_1_283' title='bbox 0 0 1457 4890; x_wconf 95' lang='lat' dir='ltr'><strong><em> </em></strong></span> 
     </span>
    </p>
   </div>
  </div>
 </body>
</html>
