<?xml version="1.0" encoding="UTF-8"?>
<!DOCTYPE html PUBLIC "-//W3C//DTD XHTML 1.0 Transitional//EN"
    "http://www.w3.org/TR/xhtml1/DTD/xhtml1-transitional.dtd">
<html xmlns="http://www.w3.org/1999/xhtml" xml:lang="en" lang="en">
 <head>
  <title>
</title>
<meta http-equiv="Content-Type" content="text/html;charset=utf-8" />
  <meta name='ocr-system' content='tesseract 3.04.00' />
  <meta name='ocr-capabilities' content='ocr_page ocr_carea ocr_par ocr_line ocrx_word'/>
</head>
<body>
  <div class='ocr_page' id='page_1' title='image "./didymichalcente01schmgoog_0123.png"; bbox 0 0 2752 4890; ppageno 0'>
   <div class='ocr_carea' id='block_1_1' title="bbox 109 331 361 418">
    <p class='ocr_par' dir='ltr' id='par_1_1' title="bbox 109 331 361 418">
     <span class='ocr_line' id='line_1_1' title="bbox 109 331 361 418; baseline 0 0"><span class='ocrx_word' id='word_1_1' title='bbox 109 331 361 418; x_wconf 67' lang='lat' dir='ltr'><strong><em>104OE</em></strong></span> 
     </span>
    </p>
   </div>
   <div class='ocr_carea' id='block_1_2' title="bbox 109 509 1228 2435">
    <p class='ocr_par' dir='ltr' id='par_1_2' title="bbox 109 509 1228 2435">
     <span class='ocr_line' id='line_1_2' title="bbox 109 509 1228 606; baseline -0.003 -18"><span class='ocrx_word' id='word_1_2' title='bbox 109 517 251 606; x_wconf 79' lang='grc' dir='ltr'><strong><em>χθέντος</em></strong></span> <span class='ocrx_word' id='word_1_3' title='bbox 271 512 339 584; x_wconf 88' lang='grc' dir='ltr'><strong><em>ῦπό</em></strong></span> <span class='ocrx_word' id='word_1_4' title='bbox 359 519 590 602; x_wconf 73' lang='grc' dir='ltr'><strong><em>Ποσειδῶνος,</em></strong></span> <span class='ocrx_word' id='word_1_5' title='bbox 613 512 650 582; x_wconf 85' lang='grc' dir='ltr'><strong><em>τὸ</em></strong></span> <span class='ocrx_word' id='word_1_6' title='bbox 673 515 710 584; x_wconf 73' lang='grc' dir='ltr'><strong><em>δὲ</em></strong></span> <span class='ocrx_word' id='word_1_7' title='bbox 734 509 882 602; x_wconf 75' lang='grc' dir='ltr'><strong><em>ἡνιοχεῖν</em></strong></span> <span class='ocrx_word' id='word_1_8' title='bbox 904 510 971 584; x_wconf 85' lang='grc' dir='ltr'><strong><em>ῦπδ</em></strong></span> <span class='ocrx_word' id='word_1_9' title='bbox 991 513 1159 603; x_wconf 74' lang='grc' dir='ltr'><strong><em>Ἀθηνᾶς,</em></strong></span> <span class='ocrx_word' id='word_1_10' title='bbox 1182 513 1228 597; x_wconf 80' lang='grc' dir='ltr'><strong><em>ῦς</em></strong></span> 
     </span>
     <span class='ocr_line' id='line_1_3' title="bbox 110 614 1226 708; baseline -0.004 -19"><span class='ocrx_word' id='word_1_11' title='bbox 110 620 271 700; x_wconf 80' lang='grc' dir='ltr'><strong><em>Μνασέας</em></strong></span> <span class='ocrx_word' id='word_1_12' title='bbox 297 620 334 686; x_wconf 78' lang='grc' dir='ltr'><strong><em>ἐν</em></strong></span> <span class='ocrx_word' id='word_1_13' title='bbox 364 631 432 700; x_wconf 80' lang='grc' dir='ltr'><strong><em>τοῖς</em></strong></span> <span class='ocrx_word' id='word_1_14' title='bbox 459 618 535 705; x_wconf 79' lang='grc' dir='ltr'><strong><em>περὶ</em></strong></span> <span class='ocrx_word' id='word_1_15' title='bbox 564 614 703 704; x_wconf 79' lang='grc' dir='ltr'><strong><em>Λιβῦρς.</em></strong></span> <span class='ocrx_word' id='word_1_16' title='bbox 749 618 801 684; x_wconf 80' lang='lat' dir='ltr'><strong><em>Cf.</em></strong></span> <span class='ocrx_word' id='word_1_17' title='bbox 829 619 941 707; x_wconf 84' lang='lat' dir='ltr'><strong>Steph.</strong></span> <span class='ocrx_word' id='word_1_18' title='bbox 972 621 1055 708; x_wconf 77' lang='lat' dir='ltr'><strong>Byr..</strong></span> <span class='ocrx_word' id='word_1_19' title='bbox 1081 624 1160 705; x_wconf 86' lang='grc'>153,</span> <span class='ocrx_word' id='word_1_20' title='bbox 1187 625 1226 684; x_wconf 89' lang='grc'><strong><em>15</em></strong></span> 
     </span>
     <span class='ocr_line' id='line_1_4' title="bbox 111 719 1225 808; baseline -0.002 -19"><span class='ocrx_word' id='word_1_21' title='bbox 111 723 272 806; x_wconf 83' lang='lat' dir='ltr'><strong>Moinek.,</strong></span> <span class='ocrx_word' id='word_1_22' title='bbox 296 721 353 786; x_wconf 94' lang='lat' dir='ltr'><strong><em>ubi</em></strong></span> <span class='ocrx_word' id='word_1_23' title='bbox 363 722 519 786; x_wconf 80' lang='lat' dir='ltr'><strong>Mnaseas</strong></span> <span class='ocrx_word' id='word_1_24' title='bbox 534 721 650 804; x_wconf 88' lang='lat' dir='ltr'><strong>locum,</strong></span> <span class='ocrx_word' id='word_1_25' title='bbox 673 741 768 808; x_wconf 92' lang='lat' dir='ltr'><strong>quem</strong></span> <span class='ocrx_word' id='word_1_26' title='bbox 790 719 880 786; x_wconf 87' lang='lat' dir='ltr'><strong>haud</strong></span> <span class='ocrx_word' id='word_1_27' title='bbox 902 721 1001 787; x_wconf 86' lang='lat' dir='ltr'><strong>dubio</strong></span> <span class='ocrx_word' id='word_1_28' title='bbox 1015 721 1225 807; x_wconf 84' lang='lat' dir='ltr'><strong>Diogeniano</strong></span> 
     </span>
     <span class='ocr_line' id='line_1_5' title="bbox 112 821 1225 911; baseline -0.002 -19"><span class='ocrx_word' id='word_1_29' title='bbox 112 832 281 911; x_wconf 87' lang='lat' dir='ltr'><strong>acceptum</strong></span> <span class='ocrx_word' id='word_1_30' title='bbox 297 822 399 888; x_wconf 84' lang='lat' dir='ltr'><strong>refert</strong></span> <span class='ocrx_word' id='word_1_31' title='bbox 411 823 607 911; x_wconf 77' lang='lat' dir='ltr'><strong>Stephanus,</strong></span> <span class='ocrx_word' id='word_1_32' title='bbox 630 823 789 888; x_wconf 84' lang='lat' dir='ltr'><strong>indicavit</strong></span> <span class='ocrx_word' id='word_1_33' title='bbox 801 821 862 886; x_wconf 89' lang='lat' dir='ltr'><strong><em>Th.</em></strong></span> <span class='ocrx_word' id='word_1_34' title='bbox 872 821 1049 908; x_wconf 80' lang='lat' dir='ltr'><strong>Bergkius‚</strong></span> <span class='ocrx_word' id='word_1_35' title='bbox 1070 832 1103 888; x_wconf 85' lang='lat' dir='ltr'><strong><em>at</em></strong></span> <span class='ocrx_word' id='word_1_36' title='bbox 1126 823 1225 890; x_wconf 79' lang='lat' dir='ltr'><strong>(lalli-</strong></span> 
     </span>
     <span class='ocr_line' id='line_1_6' title="bbox 111 921 1226 1012; baseline 0.001 -22"><span class='ocrx_word' id='word_1_37' title='bbox 111 924 217 990; x_wconf 87' lang='lat' dir='ltr'><strong>mach.</strong></span> <span class='ocrx_word' id='word_1_38' title='bbox 236 932 299 988; x_wconf 88' lang='lat' dir='ltr'><strong>aet.</strong></span> <span class='ocrx_word' id='word_1_39' title='bbox 318 945 370 1012; x_wconf 89' lang='lat' dir='ltr'><strong><em>ap.</em></strong></span> <span class='ocrx_word' id='word_1_40' title='bbox 394 925 464 990; x_wconf 89' lang='lat' dir='ltr'><strong>Ioh.</strong></span> <span class='ocrx_word' id='word_1_41' title='bbox 482 921 593 990; x_wconf 85' lang='lat' dir='ltr'><strong>Malel.</strong></span> <span class='ocrx_word' id='word_1_42' title='bbox 613 946 645 1010; x_wconf 89' lang='lat' dir='ltr'><strong><em>p.</em></strong></span> <span class='ocrx_word' id='word_1_43' title='bbox 665 926 734 1006; x_wconf 85' lang='grc'>171,</span> <span class='ocrx_word' id='word_1_44' title='bbox 754 924 791 986; x_wconf 88' lang='grc'><strong><em>18</em></strong></span> <span class='ocrx_word' id='word_1_45' title='bbox 812 945 860 1009; x_wconf 91' lang='lat' dir='ltr'><strong><em>sq.</em></strong></span> <span class='ocrx_word' id='word_1_46' title='bbox 882 923 934 988; x_wconf 86' lang='lat' dir='ltr'><strong><em>ed.</em></strong></span> <span class='ocrx_word' id='word_1_47' title='bbox 950 923 1056 990; x_wconf 90' lang='lat' dir='ltr'><strong>Bonn.</strong></span> <span class='ocrx_word' id='word_1_48' title='bbox 1086 924 1226 1012; x_wconf 84' lang='lat' dir='ltr'>Didymi</span> 
     </span>
     <span class='ocr_line' id='line_1_7' title="bbox 112 1023 1226 1111; baseline 0.001 -19"><span class='ocrx_word' id='word_1_49' title='bbox 112 1028 193 1092; x_wconf 88' lang='lat' dir='ltr'><strong>haec</strong></span> <span class='ocrx_word' id='word_1_50' title='bbox 215 1047 287 1090; x_wconf 86' lang='lat' dir='ltr'><strong>esso</strong></span> <span class='ocrx_word' id='word_1_51' title='bbox 307 1033 339 1088; x_wconf 90' lang='lat' dir='ltr'><strong><em>et</em></strong></span> <span class='ocrx_word' id='word_1_52' title='bbox 355 1023 551 1090; x_wconf 81' lang='lat' dir='ltr'><strong>scholiorum</strong></span> <span class='ocrx_word' id='word_1_53' title='bbox 571 1047 645 1090; x_wconf 90' lang='lat' dir='ltr'><strong><em>oum</em></strong></span> <span class='ocrx_word' id='word_1_54' title='bbox 660 1024 828 1111; x_wconf 82' lang='lat' dir='ltr'><strong>Hesychio</strong></span> <span class='ocrx_word' id='word_1_55' title='bbox 851 1046 1029 1090; x_wconf 83' lang='lat' dir='ltr'><strong>consensus</strong></span> <span class='ocrx_word' id='word_1_56' title='bbox 1049 1036 1081 1091; x_wconf 89' lang='lat' dir='ltr'><strong><em>et</em></strong></span> <span class='ocrx_word' id='word_1_57' title='bbox 1103 1029 1226 1093; x_wconf 83' lang='lat' dir='ltr'><strong>montio</strong></span> 
     </span>
     <span class='ocr_line' id='line_1_8' title="bbox 110 1124 1225 1196; baseline 0.001 -2"><span class='ocrx_word' id='word_1_58' title='bbox 110 1129 267 1194; x_wconf 80' lang='lat' dir='ltr'><strong>Mnaseas</strong></span> <span class='ocrx_word' id='word_1_59' title='bbox 293 1126 382 1191; x_wconf 84' lang='lat' dir='ltr'><strong>lacta</strong></span> <span class='ocrx_word' id='word_1_60' title='bbox 403 1127 535 1191; x_wconf 78' lang='lat' dir='ltr'><strong>evincit.</strong></span> <span class='ocrx_word' id='word_1_61' title='bbox 583 1125 636 1190; x_wconf 78' lang='lat' dir='ltr'><strong><em>uf.</em></strong></span> <span class='ocrx_word' id='word_1_62' title='bbox 659 1124 795 1190; x_wconf 88' lang='lat' dir='ltr'><strong>Preller.</strong></span> <span class='ocrx_word' id='word_1_63' title='bbox 818 1126 859 1190; x_wconf 86' lang='lat' dir='ltr'><strong><em>de</em></strong></span> <span class='ocrx_word' id='word_1_64' title='bbox 880 1126 1016 1192; x_wconf 87' lang='lat' dir='ltr'><strong>Mnasoa</strong></span> <span class='ocrx_word' id='word_1_65' title='bbox 1045 1129 1079 1192; x_wconf 93' lang='lat' dir='ltr'><strong><em>in</em></strong></span> <span class='ocrx_word' id='word_1_66' title='bbox 1102 1129 1225 1196; x_wconf 88' lang='lat' dir='ltr'><strong>annall.</strong></span> 
     </span>
     <span class='ocr_line' id='line_1_9' title="bbox 110 1225 1225 1320; baseline 0 -24"><span class='ocrx_word' id='word_1_67' title='bbox 110 1228 280 1314; x_wconf 86' lang='lat' dir='ltr'><strong>Marburg.</strong></span> <span class='ocrx_word' id='word_1_68' title='bbox 311 1230 393 1292; x_wconf 85' lang='grc'>1846</span> <span class='ocrx_word' id='word_1_69' title='bbox 415 1249 447 1314; x_wconf 89' lang='lat' dir='ltr'><strong><em>p.</em></strong></span> <span class='ocrx_word' id='word_1_70' title='bbox 473 1232 547 1294; x_wconf 89' lang='grc'>677.</span> <span class='ocrx_word' id='word_1_71' title='bbox 592 1227 679 1291; x_wconf 88' lang='lat' dir='ltr'><strong>Hinc</strong></span> <span class='ocrx_word' id='word_1_72' title='bbox 707 1225 877 1314; x_wconf 82' lang='lat' dir='ltr'><strong>probabile</strong></span> <span class='ocrx_word' id='word_1_73' title='bbox 903 1228 941 1292; x_wconf 88' lang='lat' dir='ltr'><strong><em>fit</em></strong></span> <span class='ocrx_word' id='word_1_74' title='bbox 967 1230 1009 1294; x_wconf 87' lang='lat' dir='ltr'><strong><em>ad</em></strong></span> <span class='ocrx_word' id='word_1_75' title='bbox 1031 1229 1225 1320; x_wconf 84' lang='lat' dir='ltr'><strong>Didymum,</strong></span> 
     </span>
     <span class='ocr_line' id='line_1_10' title="bbox 113 1327 1225 1418; baseline 0.001 -21"><span class='ocrx_word' id='word_1_76' title='bbox 113 1341 150 1397; x_wconf 89' lang='lat' dir='ltr'><strong><em>ut</em></strong></span> <span class='ocrx_word' id='word_1_77' title='bbox 169 1331 288 1413; x_wconf 82' lang='lat' dir='ltr'><strong>multa,</strong></span> <span class='ocrx_word' id='word_1_78' title='bbox 312 1329 419 1394; x_wconf 86' lang='lat' dir='ltr'><strong>redire</strong></span> <span class='ocrx_word' id='word_1_79' title='bbox 442 1330 540 1394; x_wconf 87' lang='lat' dir='ltr'><strong>etiam</strong></span> <span class='ocrx_word' id='word_1_80' title='bbox 564 1351 647 1416; x_wconf 87' lang='lat' dir='ltr'><strong>quae</strong></span> <span class='ocrx_word' id='word_1_81' title='bbox 672 1327 810 1394; x_wconf 85' lang='lat' dir='ltr'><strong>anecdd.</strong></span> <span class='ocrx_word' id='word_1_82' title='bbox 841 1328 975 1394; x_wconf 88' lang='lat' dir='ltr'><strong>Baohm.</strong></span> <span class='ocrx_word' id='word_1_83' title='bbox 1006 1329 1023 1394; x_wconf 94' lang='grc' dir='ltr'><strong>Ι</strong></span> <span class='ocrx_word' id='word_1_84' title='bbox 1052 1355 1084 1418; x_wconf 93' lang='lat' dir='ltr'><strong><em>p.</em></strong></span> <span class='ocrx_word' id='word_1_85' title='bbox 1109 1335 1162 1416; x_wconf 83' lang='lat'><strong><em>38,</em></strong></span> <span class='ocrx_word' id='word_1_86' title='bbox 1187 1337 1225 1398; x_wconf 87' lang='lat'><strong><em>10</em></strong></span> 
     </span>
     <span class='ocr_line' id='line_1_11' title="bbox 111 1423 1226 1519; baseline 0 -21"><span class='ocrx_word' id='word_1_87' title='bbox 111 1433 258 1498; x_wconf 85' lang='lat' dir='ltr'><strong>referunt</strong></span> <span class='ocrx_word' id='word_1_88' title='bbox 277 1425 430 1514; x_wconf 78' lang='grc' dir='ltr'><strong><em>Ἀθηνᾶ</em></strong></span> <span class='ocrx_word' id='word_1_89' title='bbox 458 1431 594 1498; x_wconf 88' lang='grc' dir='ltr'><strong><em>ίππία·</em></strong></span> <span class='ocrx_word' id='word_1_90' title='bbox 625 1423 646 1513; x_wconf 78' lang='grc' dir='ltr'><em>ἢ</em></span> <span class='ocrx_word' id='word_1_91' title='bbox 668 1424 720 1494; x_wconf 86' lang='grc' dir='ltr'><strong><em>ότι</em></strong></span> <span class='ocrx_word' id='word_1_92' title='bbox 741 1427 778 1493; x_wconf 80' lang='grc' dir='ltr'><strong><em>ἐκ</em></strong></span> <span class='ocrx_word' id='word_1_93' title='bbox 800 1430 858 1512; x_wconf 82' lang='grc' dir='ltr'><strong><em>τῆς</em></strong></span> <span class='ocrx_word' id='word_1_94' title='bbox 880 1433 942 1493; x_wconf 90' lang='grc' dir='ltr'><strong><em>τοῦ</em></strong></span> <span class='ocrx_word' id='word_1_95' title='bbox 963 1426 1048 1510; x_wconf 86' lang='grc' dir='ltr'><strong><em>Διός</em></strong></span> <span class='ocrx_word' id='word_1_96' title='bbox 1067 1438 1226 1519; x_wconf 78' lang='grc' dir='ltr'><strong><em>κεφαλῆς,</em></strong></span> 
     </span>
     <span class='ocr_line' id='line_1_12' title="bbox 113 1522 1227 1621; baseline 0 -21"><span class='ocrx_word' id='word_1_97' title='bbox 113 1529 159 1612; x_wconf 78' lang='grc' dir='ltr'><strong><em>ὡς</em></strong></span> <span class='ocrx_word' id='word_1_98' title='bbox 182 1528 200 1598; x_wconf 89' lang='grc' dir='ltr'><strong>ὁ</strong></span> <span class='ocrx_word' id='word_1_99' title='bbox 224 1536 345 1617; x_wconf 88' lang='grc' dir='ltr'><strong><em>μῦθος,</em></strong></span> <span class='ocrx_word' id='word_1_100' title='bbox 367 1528 447 1617; x_wconf 89' lang='grc' dir='ltr'><strong><em>μεθ’</em></strong></span> <span class='ocrx_word' id='word_1_101' title='bbox 472 1535 578 1608; x_wconf 77' lang='grc' dir='ltr'><strong><em>ἵππον</em></strong></span> <span class='ocrx_word' id='word_1_102' title='bbox 601 1527 757 1615; x_wconf 81' lang='grc' dir='ltr'><strong><em>ἀνήλατο.</em></strong></span> <span class='ocrx_word' id='word_1_103' title='bbox 798 1522 824 1613; x_wconf 83' lang='grc' dir='ltr'><strong><em>ἢ</em></strong></span> <span class='ocrx_word' id='word_1_104' title='bbox 846 1524 916 1613; x_wconf 85' lang='grc' dir='ltr'><strong><em>ὅτι,</em></strong></span> <span class='ocrx_word' id='word_1_105' title='bbox 938 1524 983 1610; x_wconf 81' lang='grc' dir='ltr'><strong><em>ῦς</em></strong></span> <span class='ocrx_word' id='word_1_106' title='bbox 1002 1537 1183 1621; x_wconf 81' lang='grc' dir='ltr'><strong><em>Μνασέας,</em></strong></span> <span class='ocrx_word' id='word_1_107' title='bbox 1206 1531 1227 1620; x_wconf 77' lang='grc' dir='ltr'><em>ἡ</em></span> 
     </span>
     <span class='ocr_line' id='line_1_13' title="bbox 112 1632 1224 1723; baseline -0.002 -19"><span class='ocrx_word' id='word_1_108' title='bbox 112 1637 328 1712; x_wconf 84' lang='grc' dir='ltr'><strong><em>Ποσειδῦνος</em></strong></span> <span class='ocrx_word' id='word_1_109' title='bbox 342 1633 397 1700; x_wconf 78' lang='grc' dir='ltr'><strong><em>καὶ</em></strong></span> <span class='ocrx_word' id='word_1_110' title='bbox 409 1632 522 1719; x_wconf 88' lang='grc' dir='ltr'><strong><em>Κόρης</em></strong></span> <span class='ocrx_word' id='word_1_111' title='bbox 538 1635 616 1722; x_wconf 84' lang='lat' dir='ltr'><strong>(leg.</strong></span> <span class='ocrx_word' id='word_1_112' title='bbox 631 1634 796 1717; x_wconf 78' lang='grc' dir='ltr'><strong><em>Κορυφῆς</em></strong></span> <span class='ocrx_word' id='word_1_113' title='bbox 813 1654 885 1698; x_wconf 86' lang='lat' dir='ltr'><strong>asse</strong></span> <span class='ocrx_word' id='word_1_114' title='bbox 903 1634 990 1700; x_wconf 89' lang='lat' dir='ltr'><strong>vidit</strong></span> <span class='ocrx_word' id='word_1_115' title='bbox 1003 1635 1141 1702; x_wconf 85' lang='lat' dir='ltr'><strong>Preller.</strong></span> <span class='ocrx_word' id='word_1_116' title='bbox 1154 1637 1177 1702; x_wconf 89' lang='lat' dir='ltr'><strong><em>l.</em></strong></span> <span class='ocrx_word' id='word_1_117' title='bbox 1187 1638 1224 1723; x_wconf 89' lang='lat' dir='ltr'><strong><em>l.)</em></strong></span> 
     </span>
     <span class='ocr_line' id='line_1_14' title="bbox 113 1728 1225 1821; baseline 0.001 -19"><span class='ocrx_word' id='word_1_118' title='bbox 113 1741 171 1820; x_wconf 83' lang='grc' dir='ltr'><strong><em>τῆς</em></strong></span> <span class='ocrx_word' id='word_1_119' title='bbox 189 1729 354 1802; x_wconf 77' lang='grc' dir='ltr'><strong><em>Ὠκεανοῦ</em></strong></span> <span class='ocrx_word' id='word_1_120' title='bbox 373 1736 529 1821; x_wconf 76' lang='grc' dir='ltr'><em>θυγάτηρ</em></span> <span class='ocrx_word' id='word_1_121' title='bbox 545 1730 674 1820; x_wconf 81' lang='grc' dir='ltr'><strong><em>Ἀθηνᾶ</em></strong></span> <span class='ocrx_word' id='word_1_122' title='bbox 687 1729 723 1800; x_wconf 87' lang='grc' dir='ltr'><strong><em>τό</em></strong></span> <span class='ocrx_word' id='word_1_123' title='bbox 746 1728 836 1818; x_wconf 79' lang='grc' dir='ltr'><strong><em>ἅρμα</em></strong></span> <span class='ocrx_word' id='word_1_124' title='bbox 855 1737 923 1798; x_wconf 86' lang='grc' dir='ltr'><strong><em>τῦν</em></strong></span> <span class='ocrx_word' id='word_1_125' title='bbox 943 1735 1056 1803; x_wconf 82' lang='grc' dir='ltr'><strong><em>ἵππων</em></strong></span> <span class='ocrx_word' id='word_1_126' title='bbox 1077 1737 1225 1820; x_wconf 77' lang='grc' dir='ltr'><strong><em>ἐξεῦρεν.</em></strong></span> 
     </span>
     <span class='ocr_line' id='line_1_15' title="bbox 112 1831 1226 1924; baseline 0 -18"><span class='ocrx_word' id='word_1_127' title='bbox 112 1834 208 1906; x_wconf 87' lang='grc' dir='ltr'><strong><em>ἀλλοι</em></strong></span> <span class='ocrx_word' id='word_1_128' title='bbox 231 1837 269 1902; x_wconf 87' lang='grc' dir='ltr'><strong><em>δέ</em></strong></span> <span class='ocrx_word' id='word_1_129' title='bbox 287 1853 403 1924; x_wconf 86' lang='grc' dir='ltr'><strong><em>φασιν,</em></strong></span> <span class='ocrx_word' id='word_1_130' title='bbox 428 1833 474 1916; x_wconf 81' lang='grc' dir='ltr'><strong><em>ῦς</em></strong></span> <span class='ocrx_word' id='word_1_131' title='bbox 491 1832 680 1923; x_wconf 67' lang='grc' dir='ltr'><strong><em>Ἄδραστον</em></strong></span> <span class='ocrx_word' id='word_1_132' title='bbox 702 1831 874 1919; x_wconf 84' lang='grc' dir='ltr'><strong><em>φεύγοντα</em></strong></span> <span class='ocrx_word' id='word_1_133' title='bbox 903 1838 958 1903; x_wconf 84' lang='grc' dir='ltr'><strong><em>καὶ</em></strong></span> <span class='ocrx_word' id='word_1_134' title='bbox 980 1837 1036 1904; x_wconf 79' lang='grc' dir='ltr'><strong><em>ἐπὶ</em></strong></span> <span class='ocrx_word' id='word_1_135' title='bbox 1059 1843 1226 1906; x_wconf 79' lang='grc' dir='ltr'><strong><em>Κολωνοῦ</em></strong></span> 
     </span>
     <span class='ocr_line' id='line_1_16' title="bbox 111 1932 1226 2024; baseline 0 -17"><span class='ocrx_word' id='word_1_136' title='bbox 111 1936 280 2024; x_wconf 77' lang='grc' dir='ltr'><strong><em>στήσαντα</em></strong></span> <span class='ocrx_word' id='word_1_137' title='bbox 312 1936 392 2018; x_wconf 89' lang='grc' dir='ltr'><strong><em>τοῦς</em></strong></span> <span class='ocrx_word' id='word_1_138' title='bbox 426 1941 551 2018; x_wconf 72' lang='grc' dir='ltr'><strong><em>ἰ’ππονς</em></strong></span> <span class='ocrx_word' id='word_1_139' title='bbox 582 1939 781 2005; x_wconf 72' lang='grc' dir='ltr'><strong><em>Ποσειδῶνα</em></strong></span> <span class='ocrx_word' id='word_1_140' title='bbox 818 1935 873 2002; x_wconf 85' lang='grc' dir='ltr'><strong><em>καὶ</em></strong></span> <span class='ocrx_word' id='word_1_141' title='bbox 906 1932 1054 2022; x_wconf 80' lang='grc' dir='ltr'><strong><em>Ἀθηνᾶν</em></strong></span> <span class='ocrx_word' id='word_1_142' title='bbox 1088 1941 1226 2020; x_wconf 75' lang='grc' dir='ltr'><strong><em>ἱππίους</em></strong></span> 
     </span>
     <span class='ocr_line' id='line_1_17' title="bbox 114 2028 1223 2128; baseline -0.002 -19"><span class='ocrx_word' id='word_1_143' title='bbox 114 2043 452 2128; x_wconf 82' lang='grc' dir='ltr'><strong><em>προσαγορευθῆναι..</em></strong></span> <span class='ocrx_word' id='word_1_144' title='bbox 499 2040 551 2106; x_wconf 74' lang='lat' dir='ltr'><strong><em>uf.</em></strong></span> <span class='ocrx_word' id='word_1_145' title='bbox 583 2039 706 2118; x_wconf 85' lang='lat' dir='ltr'><strong>Herod.</strong></span> <span class='ocrx_word' id='word_1_146' title='bbox 734 2037 885 2105; x_wconf 85' lang='lat' dir='ltr'><strong>Eustath.</strong></span> <span class='ocrx_word' id='word_1_147' title='bbox 915 2043 1012 2125; x_wconf 94' lang='grc'>1216,</span> <span class='ocrx_word' id='word_1_148' title='bbox 1044 2028 1094 2106; x_wconf 78' lang='grc'>13</span> <span class='ocrx_word' id='word_1_149' title='bbox 1113 2041 1223 2108; x_wconf 86' lang='lat' dir='ltr'><strong>Bekh.</strong></span> 
     </span>
     <span class='ocr_line' id='line_1_18' title="bbox 113 2137 1223 2230; baseline 0 -20"><span class='ocrx_word' id='word_1_150' title='bbox 113 2146 250 2211; x_wconf 85' lang='lat' dir='ltr'><strong>aneodd.</strong></span> <span class='ocrx_word' id='word_1_151' title='bbox 273 2147 346 2226; x_wconf 85' lang='grc'>267,</span> <span class='ocrx_word' id='word_1_152' title='bbox 366 2144 407 2206; x_wconf 91' lang='grc'><strong><em>32</em></strong></span> <span class='ocrx_word' id='word_1_153' title='bbox 427 2143 588 2230; x_wconf 88' lang='lat' dir='ltr'><strong>Harpocr.</strong></span> <span class='ocrx_word' id='word_1_154' title='bbox 614 2142 683 2221; x_wconf 88' lang='grc'>101,</span> <span class='ocrx_word' id='word_1_155' title='bbox 707 2140 746 2202; x_wconf 89' lang='grc'>27</span> <span class='ocrx_word' id='word_1_156' title='bbox 769 2148 811 2205; x_wconf 88' lang='lat' dir='ltr'><strong><em>et.</em></strong></span> <span class='ocrx_word' id='word_1_157' title='bbox 834 2163 877 2206; x_wconf 90' lang='lat' dir='ltr'><strong><em>m.</em></strong></span> <span class='ocrx_word' id='word_1_158' title='bbox 900 2165 933 2208; x_wconf 90' lang='lat' dir='ltr'><strong><em>v.</em></strong></span> <span class='ocrx_word' id='word_1_159' title='bbox 956 2137 1075 2208; x_wconf 85' lang='grc' dir='ltr'><strong><em>Ἱππία</em></strong></span> <span class='ocrx_word' id='word_1_160' title='bbox 1094 2143 1223 2210; x_wconf 80' lang='lat' dir='ltr'><strong>Gallim.</strong></span> 
     </span>
     <span class='ocr_line' id='line_1_19' title="bbox 112 2242 1225 2330; baseline -0.001 -19"><span class='ocrx_word' id='word_1_161' title='bbox 112 2247 234 2312; x_wconf 86' lang='lat' dir='ltr'><strong>lavaor.</strong></span> <span class='ocrx_word' id='word_1_162' title='bbox 274 2243 357 2310; x_wconf 88' lang='lat' dir='ltr'><strong>Pall.</strong></span> <span class='ocrx_word' id='word_1_163' title='bbox 401 2247 471 2308; x_wconf 83' lang='lat'><strong>135.</strong></span> <span class='ocrx_word' id='word_1_164' title='bbox 531 2243 613 2306; x_wconf 86' lang='lat' dir='ltr'><strong><em>Rem</em></strong></span> <span class='ocrx_word' id='word_1_165' title='bbox 645 2242 813 2325; x_wconf 84' lang='lat' dir='ltr'><strong>tractavit,</strong></span> <span class='ocrx_word' id='word_1_166' title='bbox 828 2261 836 2269; x_wconf 90' lang='lat'>·</span> <span class='ocrx_word' id='word_1_167' title='bbox 852 2243 917 2308; x_wconf 90' lang='lat' dir='ltr'><strong>nisi</strong></span> <span class='ocrx_word' id='word_1_168' title='bbox 949 2246 1082 2330; x_wconf 79' lang='lat' dir='ltr'><strong>egregie</strong></span> <span class='ocrx_word' id='word_1_169' title='bbox 1116 2245 1225 2329; x_wconf 82' lang='lat' dir='ltr'><strong>fallor,</strong></span> 
     </span>
     <span class='ocr_line' id='line_1_20' title="bbox 113 2342 1224 2435; baseline -0.001 -22"><span class='ocrx_word' id='word_1_170' title='bbox 113 2348 344 2435; x_wconf 85' lang='lat' dir='ltr'><strong>grammaticus</strong></span> <span class='ocrx_word' id='word_1_171' title='bbox 366 2344 612 2409; x_wconf 85' lang='lat' dir='ltr'><strong>Alexandrinus</strong></span> <span class='ocrx_word' id='word_1_172' title='bbox 636 2342 670 2405; x_wconf 90' lang='lat' dir='ltr'><strong><em>in</em></strong></span> <span class='ocrx_word' id='word_1_173' title='bbox 689 2346 921 2412; x_wconf 88' lang='lat' dir='ltr'><strong>commentario</strong></span> <span class='ocrx_word' id='word_1_174' title='bbox 941 2345 984 2410; x_wconf 87' lang='lat' dir='ltr'><strong><em>ad</em></strong></span> <span class='ocrx_word' id='word_1_175' title='bbox 1006 2345 1161 2434; x_wconf 86' lang='lat' dir='ltr'><strong>Sophocl.</strong></span> <span class='ocrx_word' id='word_1_176' title='bbox 1182 2348 1224 2412; x_wconf 86' lang='lat'><strong><em>0.</em></strong></span> 
     </span>
    </p>
   </div>
   <div class='ocr_carea' id='block_1_3' title="bbox 112 2438 1226 3136">
    <p class='ocr_par' dir='ltr' id='par_1_3' title="bbox 112 2438 1226 3136">
     <span class='ocr_line' id='line_1_21' title="bbox 114 2438 1226 2536; baseline -0.002 -22"><span class='ocrx_word' id='word_1_177' title='bbox 114 2449 153 2515; x_wconf 89' lang='lat' dir='ltr'><strong><em>T.</em></strong></span> <span class='ocrx_word' id='word_1_178' title='bbox 177 2452 238 2513; x_wconf 84' lang='lat'><strong><em>712</em></strong></span> <span class='ocrx_word' id='word_1_179' title='bbox 267 2472 300 2536; x_wconf 91' lang='lat' dir='ltr'><strong><em>p.</em></strong></span> <span class='ocrx_word' id='word_1_180' title='bbox 323 2452 360 2512; x_wconf 94' lang='grc'><strong><em>71</em></strong></span> <span class='ocrx_word' id='word_1_181' title='bbox 388 2447 448 2510; x_wconf 85' lang='lat' dir='ltr'><strong><em>La.</em></strong></span> <span class='ocrx_word' id='word_1_182' title='bbox 478 2446 529 2511; x_wconf 86' lang='lat' dir='ltr'><strong><em>ed.</em></strong></span> <span class='ocrx_word' id='word_1_183' title='bbox 555 2443 671 2508; x_wconf 85' lang='lat' dir='ltr'><strong>Elmsl.</strong></span> <span class='ocrx_word' id='word_1_184' title='bbox 703 2438 899 2510; x_wconf 87' lang='grc' dir='ltr'><strong><em>εῦιππον·</em></strong></span> <span class='ocrx_word' id='word_1_185' title='bbox 930 2443 1083 2531; x_wconf 82' lang='grc' dir='ltr'><strong><em>παρόσον</em></strong></span> <span class='ocrx_word' id='word_1_186' title='bbox 1109 2442 1128 2513; x_wconf 90' lang='grc' dir='ltr'><strong>ὁ</strong></span> <span class='ocrx_word' id='word_1_187' title='bbox 1155 2455 1226 2515; x_wconf 86' lang='grc' dir='ltr'><strong><em>Κο-</em></strong></span> 
     </span>
     <span class='ocr_line' id='line_1_22' title="bbox 113 2541 1225 2632; baseline -0.001 -15"><span class='ocrx_word' id='word_1_188' title='bbox 113 2545 222 2628; x_wconf 84' lang='grc' dir='ltr'><strong><em>λωνός</em></strong></span> <span class='ocrx_word' id='word_1_189' title='bbox 249 2543 371 2626; x_wconf 84' lang='grc' dir='ltr'><strong><em>ίππεῦς</em></strong></span> <span class='ocrx_word' id='word_1_190' title='bbox 403 2546 533 2630; x_wconf 78' lang='grc' dir='ltr'><strong><em>ἐλέγετο</em></strong></span> <span class='ocrx_word' id='word_1_191' title='bbox 561 2543 617 2611; x_wconf 83' lang='grc' dir='ltr'><strong><em>καὶ</em></strong></span> <span class='ocrx_word' id='word_1_192' title='bbox 645 2547 823 2612; x_wconf 77' lang='grc' dir='ltr'><strong><em>Ποσειδῶν</em></strong></span> <span class='ocrx_word' id='word_1_193' title='bbox 857 2545 913 2612; x_wconf 83' lang='grc' dir='ltr'><strong><em>καὶ</em></strong></span> <span class='ocrx_word' id='word_1_194' title='bbox 937 2541 1065 2632; x_wconf 77' lang='grc' dir='ltr'><strong><em>Ἀθηνᾶ</em></strong></span> <span class='ocrx_word' id='word_1_195' title='bbox 1100 2544 1225 2616; x_wconf 90' lang='grc' dir='ltr'><strong><em>αῦτόθι</em></strong></span> 
     </span>
     <span class='ocr_line' id='line_1_23' title="bbox 112 2644 1226 2736; baseline -0.001 -17"><span class='ocrx_word' id='word_1_196' title='bbox 112 2655 232 2720; x_wconf 80' lang='grc' dir='ltr'><strong><em>ἵππιοι.</em></strong></span> <span class='ocrx_word' id='word_1_197' title='bbox 253 2689 296 2702; x_wconf 87' lang='grc'>-</span> <span class='ocrx_word' id='word_1_198' title='bbox 316 2644 452 2717; x_wconf 87' lang='grc' dir='ltr'><strong><em>Αῦτόθι</em></strong></span> <span class='ocrx_word' id='word_1_199' title='bbox 474 2648 556 2732; x_wconf 77' lang='grc' dir='ltr'><strong><em>φασὶ</em></strong></span> <span class='ocrx_word' id='word_1_200' title='bbox 576 2648 773 2714; x_wconf 76' lang='grc' dir='ltr'><strong><em>Ποσειδῶνα</em></strong></span> <span class='ocrx_word' id='word_1_201' title='bbox 797 2651 934 2732; x_wconf 74' lang='grc' dir='ltr'><strong><em>πρῶτον</em></strong></span> <span class='ocrx_word' id='word_1_202' title='bbox 955 2650 1080 2728; x_wconf 86' lang='grc' dir='ltr'><strong><em>ίππονς</em></strong></span> <span class='ocrx_word' id='word_1_203' title='bbox 1103 2653 1226 2736; x_wconf 78' lang='grc' dir='ltr'><strong><em>ζεῦξαι,</em></strong></span> 
     </span>
     <span class='ocr_line' id='line_1_24' title="bbox 113 2745 1225 2838; baseline -0.002 -18"><span class='ocrx_word' id='word_1_204' title='bbox 113 2752 168 2820; x_wconf 78' lang='grc' dir='ltr'><strong><em>καὶ</em></strong></span> <span class='ocrx_word' id='word_1_205' title='bbox 190 2756 372 2838; x_wconf 74' lang='grc' dir='ltr'><strong><em>χαλινῶσαι</em></strong></span> <span class='ocrx_word' id='word_1_206' title='bbox 395 2793 433 2806; x_wconf 91' lang='grc'><strong>-</strong></span> <span class='ocrx_word' id='word_1_207' title='bbox 456 2747 475 2818; x_wconf 90' lang='grc' dir='ltr'><strong>ὁ</strong></span> <span class='ocrx_word' id='word_1_208' title='bbox 501 2745 565 2835; x_wconf 87' lang='grc' dir='ltr'><strong><em>γάρ</em></strong></span> <span class='ocrx_word' id='word_1_209' title='bbox 587 2749 747 2830; x_wconf 84' lang='grc' dir='ltr'><strong><em>Κολωνός</em></strong></span> <span class='ocrx_word' id='word_1_210' title='bbox 769 2748 891 2828; x_wconf 84' lang='grc' dir='ltr'><strong><em>ίππεῦς</em></strong></span> <span class='ocrx_word' id='word_1_211' title='bbox 919 2747 1117 2836; x_wconf 75' lang='grc' dir='ltr'><strong><em>εόνομάσθρ,</em></strong></span> <span class='ocrx_word' id='word_1_212' title='bbox 1144 2749 1225 2835; x_wconf 87' lang='grc' dir='ltr'><strong><em>παρ’</em></strong></span> 
     </span>
     <span class='ocr_line' id='line_1_25' title="bbox 113 2848 1226 2941; baseline -0.002 -20"><span class='ocrx_word' id='word_1_213' title='bbox 113 2851 152 2935; x_wconf 87' lang='grc' dir='ltr'><strong><em>ἀς</em></strong></span> <span class='ocrx_word' id='word_1_214' title='bbox 174 2855 336 2939; x_wconf 76' lang='grc' dir='ltr'><strong><em>ἐξεθέμην</em></strong></span> <span class='ocrx_word' id='word_1_215' title='bbox 359 2857 464 2932; x_wconf 83' lang='grc' dir='ltr'><strong><em>αίτίας</em></strong></span> <span class='ocrx_word' id='word_1_216' title='bbox 488 2848 571 2922; x_wconf 88' lang='grc' dir='ltr'><strong><em>κατά</em></strong></span> <span class='ocrx_word' id='word_1_217' title='bbox 590 2850 650 2920; x_wconf 84' lang='grc' dir='ltr'><strong><em>τόν</em></strong></span> <span class='ocrx_word' id='word_1_218' title='bbox 667 2848 853 2938; x_wconf 69' lang='grc' dir='ltr'><strong><em>’Ἄδραστον</em></strong></span> <span class='ocrx_word' id='word_1_219' title='bbox 877 2853 1009 2941; x_wconf 82' lang='lat' dir='ltr'><strong>(infelix</strong></span> <span class='ocrx_word' id='word_1_220' title='bbox 1028 2855 1129 2939; x_wconf 83' lang='lat' dir='ltr'><strong>igitur</strong></span> <span class='ocrx_word' id='word_1_221' title='bbox 1151 2878 1226 2921; x_wconf 85' lang='lat' dir='ltr'><strong>con-</strong></span> 
     </span>
     <span class='ocr_line' id='line_1_26' title="bbox 112 2949 1226 3042; baseline -0.001 -19"><span class='ocrx_word' id='word_1_222' title='bbox 112 2960 237 3034; x_wconf 81' lang='lat' dir='ltr'><strong>iectura</strong></span> <span class='ocrx_word' id='word_1_223' title='bbox 254 2957 309 3020; x_wconf 83' lang='lat' dir='ltr'><strong><em>R.</em></strong></span> <span class='ocrx_word' id='word_1_224' title='bbox 346 2957 403 3022; x_wconf 91' lang='lat' dir='ltr'><strong><em>Br.</em></strong></span> <span class='ocrx_word' id='word_1_225' title='bbox 436 2950 519 3022; x_wconf 80' lang='grc' dir='ltr'><strong><em>κατὰ</em></strong></span> <span class='ocrx_word' id='word_1_226' title='bbox 548 2949 798 3042; x_wconf 75' lang='grc' dir='ltr'><strong><em>Ἀνδροτίωνα).</em></strong></span> <span class='ocrx_word' id='word_1_227' title='bbox 846 2954 899 3022; x_wconf 79' lang='lat' dir='ltr'><strong><em>Of.</em></strong></span> <span class='ocrx_word' id='word_1_228' title='bbox 931 2955 1011 3022; x_wconf 89' lang='lat' dir='ltr'><strong>Hes.</strong></span> <span class='ocrx_word' id='word_1_229' title='bbox 1036 2954 1070 3019; x_wconf 96' lang='grc' dir='ltr'><strong><em>ΙΙ</em></strong></span> <span class='ocrx_word' id='word_1_230' title='bbox 1094 2958 1136 3022; x_wconf 90' lang='grc'>62</span> <span class='ocrx_word' id='word_1_231' title='bbox 1170 2958 1226 3022; x_wconf 75' lang='lat' dir='ltr'><strong><em>la-</em></strong></span> 
     </span>
     <span class='ocr_line' id='line_1_27' title="bbox 113 3059 481 3136; baseline -0.016 -10"><span class='ocrx_word' id='word_1_232' title='bbox 113 3082 206 3136; x_wconf 86' lang='grc' dir='ltr'><strong><em>πειος</em></strong></span> <span class='ocrx_word' id='word_1_233' title='bbox 229 3059 416 3124; x_wconf 77' lang='grc' dir='ltr'><strong><em>Ποσειδῶν.</em></strong></span> <span class='ocrx_word' id='word_1_234' title='bbox 479 3103 481 3107; x_wconf 89' lang='grc'>-</span> 
     </span>
    </p>
   </div>
   <div class='ocr_carea' id='block_1_4' title="bbox 107 3152 1228 4369">
    <p class='ocr_par' dir='ltr' id='par_1_4' title="bbox 111 3152 1228 3959">
     <span class='ocr_line' id='line_1_28' title="bbox 197 3152 1227 3244; baseline 0 -18"><span class='ocrx_word' id='word_1_235' title='bbox 197 3163 238 3226; x_wconf 93' lang='lat' dir='ltr'><strong><em>V.</em></strong></span> <span class='ocrx_word' id='word_1_236' title='bbox 265 3163 327 3224; x_wconf 91' lang='grc'><strong><em>732</em></strong></span> <span class='ocrx_word' id='word_1_237' title='bbox 359 3158 467 3224; x_wconf 79' lang='lat' dir='ltr'><strong>Schol.</strong></span> <span class='ocrx_word' id='word_1_238' title='bbox 502 3159 562 3222; x_wconf 89' lang='lat' dir='ltr'><strong><em>La.</em></strong></span> <span class='ocrx_word' id='word_1_239' title='bbox 597 3181 629 3244; x_wconf 93' lang='lat' dir='ltr'><strong><em>p.</em></strong></span> <span class='ocrx_word' id='word_1_240' title='bbox 654 3161 715 3222; x_wconf 88' lang='grc'><strong><em>363</em></strong></span> <span class='ocrx_word' id='word_1_241' title='bbox 748 3153 1052 3242; x_wconf 76' lang='grc' dir='ltr'><strong><em>κάνακωχεύει·</em></strong></span> <span class='ocrx_word' id='word_1_242' title='bbox 1082 3152 1227 3226; x_wconf 86' lang='grc' dir='ltr'><strong><em>ἀνασει-</em></strong></span> 
     </span>
     <span class='ocr_line' id='line_1_29' title="bbox 112 3253 1227 3350; baseline -0.003 -20"><span class='ocrx_word' id='word_1_243' title='bbox 112 3260 217 3350; x_wconf 77' lang='grc' dir='ltr'><strong><em>ράζει,</em></strong></span> <span class='ocrx_word' id='word_1_244' title='bbox 237 3260 380 3345; x_wconf 85' lang='grc' dir='ltr'><strong><em>κατέχει·</em></strong></span> <span class='ocrx_word' id='word_1_245' title='bbox 405 3255 634 3344; x_wconf 77' lang='grc' dir='ltr'><strong><em>ἀνακωχεύειν</em></strong></span> <span class='ocrx_word' id='word_1_246' title='bbox 653 3256 719 3343; x_wconf 83' lang='grc' dir='ltr'><strong><em>γάρ</em></strong></span> <span class='ocrx_word' id='word_1_247' title='bbox 742 3263 867 3344; x_wconf 85' lang='grc' dir='ltr'><strong><em>κυρίοις</em></strong></span> <span class='ocrx_word' id='word_1_248' title='bbox 888 3260 1029 3342; x_wconf 83' lang='grc' dir='ltr'><strong><em>λέγεται,</em></strong></span> <span class='ocrx_word' id='word_1_249' title='bbox 1052 3253 1135 3324; x_wconf 86' lang='grc' dir='ltr'><strong><em>ὅταν</em></strong></span> <span class='ocrx_word' id='word_1_250' title='bbox 1157 3285 1227 3344; x_wconf 88' lang='grc' dir='ltr'><strong><em>χει-</em></strong></span> 
     </span>
     <span class='ocr_line' id='line_1_30' title="bbox 112 3355 1228 3452; baseline 0 -22"><span class='ocrx_word' id='word_1_251' title='bbox 112 3369 225 3450; x_wconf 81' lang='grc' dir='ltr'><strong><em>μῦνος</em></strong></span> <span class='ocrx_word' id='word_1_252' title='bbox 247 3357 345 3440; x_wconf 83' lang='grc' dir='ltr'><strong><em>ὄντος</em></strong></span> <span class='ocrx_word' id='word_1_253' title='bbox 366 3364 403 3430; x_wconf 83' lang='grc' dir='ltr'><strong><em>έν</em></strong></span> <span class='ocrx_word' id='word_1_254' title='bbox 421 3366 467 3452; x_wconf 78' lang='grc' dir='ltr'><strong><em>τῷ</em></strong></span> <span class='ocrx_word' id='word_1_255' title='bbox 489 3358 626 3447; x_wconf 78' lang='grc' dir='ltr'><strong><em>πελάγει</em></strong></span> <span class='ocrx_word' id='word_1_256' title='bbox 648 3365 836 3438; x_wconf 85' lang='grc' dir='ltr'><strong><em>στείλαντες</em></strong></span> <span class='ocrx_word' id='word_1_257' title='bbox 859 3357 900 3426; x_wconf 93' lang='grc' dir='ltr'><strong><em>τά</em></strong></span> <span class='ocrx_word' id='word_1_258' title='bbox 922 3355 1051 3444; x_wconf 78' lang='grc' dir='ltr'><strong><em>ἄρμενα</em></strong></span> <span class='ocrx_word' id='word_1_259' title='bbox 1074 3361 1228 3430; x_wconf 77' lang='grc' dir='ltr'><strong><em>σαλεῦσ-</em></strong></span> 
     </span>
     <span class='ocr_line' id='line_1_31' title="bbox 112 3457 1226 3550; baseline 0 -18"><span class='ocrx_word' id='word_1_260' title='bbox 112 3483 168 3532; x_wconf 88' lang='grc' dir='ltr'><strong><em>σιν</em></strong></span> <span class='ocrx_word' id='word_1_261' title='bbox 200 3457 343 3548; x_wconf 88' lang='grc' dir='ltr'><strong><em>αῦτόθι,</em></strong></span> <span class='ocrx_word' id='word_1_262' title='bbox 375 3459 420 3548; x_wconf 80' lang='grc' dir='ltr'><strong><em>μὴ</em></strong></span> <span class='ocrx_word' id='word_1_263' title='bbox 453 3459 691 3549; x_wconf 75' lang='grc' dir='ltr'><strong><em>διαμαχόμενοι</em></strong></span> <span class='ocrx_word' id='word_1_264' title='bbox 721 3467 767 3550; x_wconf 76' lang='grc' dir='ltr'><strong><em>τῷ</em></strong></span> <span class='ocrx_word' id='word_1_265' title='bbox 797 3461 974 3548; x_wconf 82' lang='grc' dir='ltr'><strong><em>πνεύματι.</em></strong></span> <span class='ocrx_word' id='word_1_266' title='bbox 1019 3465 1100 3529; x_wconf 89' lang='lat' dir='ltr'><strong>Hes.</strong></span> <span class='ocrx_word' id='word_1_267' title='bbox 1123 3467 1140 3532; x_wconf 95' lang='lat' dir='ltr'>I</span> <span class='ocrx_word' id='word_1_268' title='bbox 1164 3470 1226 3532; x_wconf 87' lang='grc'><strong><em>329</em></strong></span> 
     </span>
     <span class='ocr_line' id='line_1_32' title="bbox 111 3557 1227 3653; baseline 0.004 -21"><span class='ocrx_word' id='word_1_269' title='bbox 111 3564 414 3650; x_wconf 83' lang='grc' dir='ltr'><strong><em>ἀνακωχεύειν·</em></strong></span> <span class='ocrx_word' id='word_1_270' title='bbox 438 3561 520 3630; x_wconf 83' lang='grc' dir='ltr'><strong><em>ὅταν</em></strong></span> <span class='ocrx_word' id='word_1_271' title='bbox 542 3569 704 3652; x_wconf 84' lang='grc' dir='ltr'><strong><em>χειμῦνος</em></strong></span> <span class='ocrx_word' id='word_1_272' title='bbox 727 3557 825 3641; x_wconf 82' lang='grc' dir='ltr'><strong><em>ὄντος</em></strong></span> <span class='ocrx_word' id='word_1_273' title='bbox 854 3565 891 3632; x_wconf 84' lang='grc' dir='ltr'><strong><em>ίν</em></strong></span> <span class='ocrx_word' id='word_1_274' title='bbox 913 3567 1051 3653; x_wconf 81' lang='grc' dir='ltr'><strong><em>πελάγει</em></strong></span> <span class='ocrx_word' id='word_1_275' title='bbox 1070 3576 1227 3638; x_wconf 88' lang='grc' dir='ltr'><strong><em>στείλαν-</em></strong></span> 
     </span>
     <span class='ocr_line' id='line_1_33' title="bbox 111 3662 1225 3760; baseline 0.004 -26"><span class='ocrx_word' id='word_1_276' title='bbox 111 3693 165 3746; x_wconf 86' lang='grc' dir='ltr'><strong><em>τες</em></strong></span> <span class='ocrx_word' id='word_1_277' title='bbox 196 3663 236 3733; x_wconf 88' lang='grc' dir='ltr'><strong><em>τά</em></strong></span> <span class='ocrx_word' id='word_1_278' title='bbox 269 3662 397 3752; x_wconf 83' lang='grc' dir='ltr'><strong><em>ἀρμενα</em></strong></span> <span class='ocrx_word' id='word_1_279' title='bbox 431 3665 572 3746; x_wconf 83' lang='grc' dir='ltr'><strong><em>ἕαντοῦς</em></strong></span> <span class='ocrx_word' id='word_1_280' title='bbox 605 3665 805 3734; x_wconf 82' lang='grc' dir='ltr'><strong><em>σαλεῦωσιν.</em></strong></span> <span class='ocrx_word' id='word_1_281' title='bbox 853 3667 906 3735; x_wconf 81' lang='lat' dir='ltr'><strong><em>Of.</em></strong></span> <span class='ocrx_word' id='word_1_282' title='bbox 940 3669 1045 3760; x_wconf 63' lang='lat' dir='ltr'><strong>Suid.</strong></span> <span class='ocrx_word' id='word_1_283' title='bbox 1064 3673 1081 3738; x_wconf 94' lang='grc' dir='ltr'><strong>Ι</strong></span> <span class='ocrx_word' id='word_1_284' title='bbox 1103 3697 1136 3760; x_wconf 91' lang='lat' dir='ltr'><strong><em>p.</em></strong></span> <span class='ocrx_word' id='word_1_285' title='bbox 1164 3679 1225 3739; x_wconf 86' lang='lat'><strong><em>335</em></strong></span> 
     </span>
     <span class='ocr_line' id='line_1_34' title="bbox 111 3769 1225 3861; baseline 0.004 -25"><span class='ocrx_word' id='word_1_286' title='bbox 111 3770 232 3836; x_wconf 89' lang='lat' dir='ltr'><strong>Bernh.</strong></span> <span class='ocrx_word' id='word_1_287' title='bbox 257 3779 299 3834; x_wconf 89' lang='lat' dir='ltr'><strong><em>et.</em></strong></span> <span class='ocrx_word' id='word_1_288' title='bbox 319 3793 361 3835; x_wconf 90' lang='lat' dir='ltr'><strong><em>m.</em></strong></span> <span class='ocrx_word' id='word_1_289' title='bbox 384 3792 416 3855; x_wconf 92' lang='lat' dir='ltr'><strong><em>p.</em></strong></span> <span class='ocrx_word' id='word_1_290' title='bbox 438 3772 478 3833; x_wconf 88' lang='grc'><strong><em>96</em></strong></span> <span class='ocrx_word' id='word_1_291' title='bbox 501 3769 566 3836; x_wconf 85' lang='lat' dir='ltr'><strong>lox.</strong></span> <span class='ocrx_word' id='word_1_292' title='bbox 590 3772 666 3857; x_wconf 80' lang='lat' dir='ltr'><strong>Sag.</strong></span> <span class='ocrx_word' id='word_1_293' title='bbox 689 3795 721 3859; x_wconf 90' lang='lat' dir='ltr'><strong><em>p.</em></strong></span> <span class='ocrx_word' id='word_1_294' title='bbox 742 3774 800 3842; x_wconf 85' lang='grc'>391</span> <span class='ocrx_word' id='word_1_295' title='bbox 826 3771 1018 3861; x_wconf 86' lang='lat' dir='ltr'><strong>Zonar.Ip.</strong></span> <span class='ocrx_word' id='word_1_296' title='bbox 1034 3776 1092 3837; x_wconf 87' lang='grc'>201</span> <span class='ocrx_word' id='word_1_297' title='bbox 1108 3775 1225 3840; x_wconf 85' lang='lat' dir='ltr'><strong>Petav.</strong></span> 
     </span>
     <span class='ocr_line' id='line_1_35' title="bbox 112 3871 1111 3959; baseline -0.003 -21"><span class='ocrx_word' id='word_1_298' title='bbox 112 3872 268 3938; x_wconf 84' lang='lat' dir='ltr'><strong>Themist.</strong></span> <span class='ocrx_word' id='word_1_299' title='bbox 292 3875 350 3936; x_wconf 88' lang='lat'><strong><em>611</em></strong></span> <span class='ocrx_word' id='word_1_300' title='bbox 375 3871 575 3959; x_wconf 86' lang='lat' dir='ltr'><strong>Wesseling.</strong></span> <span class='ocrx_word' id='word_1_301' title='bbox 595 3873 695 3939; x_wconf 90' lang='lat' dir='ltr'><strong>Diod.</strong></span> <span class='ocrx_word' id='word_1_302' title='bbox 720 3871 785 3938; x_wconf 84' lang='lat' dir='ltr'><strong>Sic.</strong></span> <span class='ocrx_word' id='word_1_303' title='bbox 809 3871 825 3936; x_wconf 96' lang='lat' dir='ltr'>I</span> <span class='ocrx_word' id='word_1_304' title='bbox 847 3896 879 3958; x_wconf 92' lang='lat' dir='ltr'><strong><em>p.</em></strong></span> <span class='ocrx_word' id='word_1_305' title='bbox 903 3878 976 3939; x_wconf 89' lang='grc'><strong><em>417.</em></strong></span> <span class='ocrx_word' id='word_1_306' title='bbox 1110 3929 1111 3935; x_wconf 74' lang='grc'>,</span> 
     </span>
    </p>

    <p class='ocr_par' dir='ltr' id='par_1_5' title="bbox 107 3973 1225 4369">
     <span class='ocr_line' id='line_1_36' title="bbox 197 3973 1225 4062; baseline 0.002 -24"><span class='ocrx_word' id='word_1_307' title='bbox 197 3974 294 4054; x_wconf 74' lang='lat' dir='ltr'><strong>Quod</strong></span> <span class='ocrx_word' id='word_1_308' title='bbox 308 3974 429 4046; x_wconf 61' lang='lat' dir='ltr'><strong>,eadem</strong></span> <span class='ocrx_word' id='word_1_309' title='bbox 452 3973 648 4040; x_wconf 83' lang='lat' dir='ltr'><strong>scholiorum</strong></span> <span class='ocrx_word' id='word_1_310' title='bbox 674 3975 876 4041; x_wconf 87' lang='lat' dir='ltr'><strong>collectionis</strong></span> <span class='ocrx_word' id='word_1_311' title='bbox 898 3978 1021 4062; x_wconf 84' lang='lat' dir='ltr'><strong>pagina</strong></span> <span class='ocrx_word' id='word_1_312' title='bbox 1043 3978 1107 4040; x_wconf 88' lang='grc'><strong><em>363</em></strong></span> <span class='ocrx_word' id='word_1_313' title='bbox 1129 3977 1174 4040; x_wconf 88' lang='lat' dir='ltr'><strong><em>ad</em></strong></span> <span class='ocrx_word' id='word_1_314' title='bbox 1193 4000 1225 4041; x_wconf 91' lang='lat' dir='ltr'><strong><em>v.</em></strong></span> 
     </span>
     <span class='ocr_line' id='line_1_37' title="bbox 109 4071 1225 4163; baseline 0.002 -23"><span class='ocrx_word' id='word_1_315' title='bbox 109 4080 171 4140; x_wconf 86' lang='grc'>7211</span> <span class='ocrx_word' id='word_1_316' title='bbox 211 4075 421 4146; x_wconf 85' lang='lat' dir='ltr'><strong>observatum</strong></span> <span class='ocrx_word' id='word_1_317' title='bbox 463 4075 583 4161; x_wconf 85' lang='lat' dir='ltr'><strong>legitur</strong></span> <span class='ocrx_word' id='word_1_318' title='bbox 615 4073 791 4160; x_wconf 83' lang='grc' dir='ltr'><strong><em>στήλην·</em></strong></span> <span class='ocrx_word' id='word_1_319' title='bbox 826 4071 887 4142; x_wconf 83' lang='grc' dir='ltr'><strong><em>τὸν</em></strong></span> <span class='ocrx_word' id='word_1_320' title='bbox 920 4081 1022 4143; x_wconf 89' lang='grc' dir='ltr'><strong><em>λίθον</em></strong></span> <span class='ocrx_word' id='word_1_321' title='bbox 1049 4072 1110 4144; x_wconf 83' lang='grc' dir='ltr'><strong><em>τόν</em></strong></span> <span class='ocrx_word' id='word_1_322' title='bbox 1140 4103 1225 4163; x_wconf 86' lang='grc' dir='ltr'><strong><em>καμ-</em></strong></span> 
     </span>
     <span class='ocr_line' id='line_1_38' title="bbox 110 4177 1222 4266; baseline 0.001 -24"><span class='ocrx_word' id='word_1_323' title='bbox 110 4181 219 4262; x_wconf 78' lang='grc' dir='ltr'><strong><em>πτῆρα</em></strong></span> <span class='ocrx_word' id='word_1_324' title='bbox 259 4177 376 4244; x_wconf 86' lang='lat' dir='ltr'><strong>videor</strong></span> <span class='ocrx_word' id='word_1_325' title='bbox 411 4178 492 4244; x_wconf 92' lang='lat' dir='ltr'><strong>mihi</strong></span> <span class='ocrx_word' id='word_1_326' title='bbox 527 4180 670 4265; x_wconf 84' lang='lat' dir='ltr'><strong>reperire</strong></span> <span class='ocrx_word' id='word_1_327' title='bbox 701 4179 789 4266; x_wconf 85' lang='lat' dir='ltr'><strong>apud</strong></span> <span class='ocrx_word' id='word_1_328' title='bbox 831 4179 1036 4266; x_wconf 84' lang='lat' dir='ltr'><strong>Hesychium</strong></span> <span class='ocrx_word' id='word_1_329' title='bbox 1074 4179 1110 4245; x_wconf 94' lang='lat' dir='ltr'><strong><em>II</em></strong></span> <span class='ocrx_word' id='word_1_330' title='bbox 1137 4181 1222 4244; x_wconf 89' lang='grc'>1268</span> 
     </span>
     <span class='ocr_line' id='line_1_39' title="bbox 107 4276 1223 4369; baseline 0.004 -25"><span class='ocrx_word' id='word_1_331' title='bbox 107 4277 270 4364; x_wconf 83' lang='grc' dir='ltr'><strong><em>στήληκα·</em></strong></span> <span class='ocrx_word' id='word_1_332' title='bbox 297 4277 359 4366; x_wconf 78' lang='grc' dir='ltr'><strong><em>τὴν</em></strong></span> <span class='ocrx_word' id='word_1_333' title='bbox 381 4276 522 4345; x_wconf 92' lang='grc' dir='ltr'><strong><em>νῦσσαν.</em></strong></span> <span class='ocrx_word' id='word_1_334' title='bbox 568 4280 730 4369; x_wconf 74' lang='lat' dir='ltr'><strong>Corrupto</strong></span> <span class='ocrx_word' id='word_1_335' title='bbox 760 4303 832 4346; x_wconf 83' lang='lat' dir='ltr'><strong>esse</strong></span> <span class='ocrx_word' id='word_1_336' title='bbox 860 4281 941 4346; x_wconf 90' lang='lat' dir='ltr'><strong>haec</strong></span> <span class='ocrx_word' id='word_1_337' title='bbox 967 4281 1071 4354; x_wconf 82' lang='lat' dir='ltr'><strong>verba</strong></span> <span class='ocrx_word' id='word_1_338' title='bbox 1093 4281 1223 4348; x_wconf 83' lang='lat' dir='ltr'><strong>intolle-</strong></span> 
     </span>
    </p>
   </div>
   <div class='ocr_carea' id='block_1_5' title="bbox 0 0 1380 4890">
    <p class='ocr_par' dir='ltr' id='par_1_6' title="bbox 0 0 1380 4890">
     <span class='ocr_line' id='line_1_40' title="bbox 0 0 1380 4890; baseline 0 0"><span class='ocrx_word' id='word_1_339' title='bbox 0 0 1380 4890; x_wconf 95' lang='lat' dir='ltr'><strong><em> </em></strong></span> 
     </span>
    </p>
   </div>
  </div>
 </body>
</html>
