2812 4868
182 331 203 394 6

183 505 238 578 tet,
261 477 365 581 quod,
381 513 454 560 cum
474 491 577 558 multa
597 489 755 570 adversus
777 507 851 556 eum
871 491 1041 578 scripsisse
1058 489 1200 573 *dicetne
1216 492 1295 560 ‚eius

184 597 277 684 qussi
305 595 448 679 vestigia
475 592 596 677 legisse
618 589 763 673 videtum,
798 599 835 658 ut
852 591 941 658 haud
961 592 1063 656 sciam
1082 615 1126 656 sn
1146 594 1295 678 proxime

183 719 204 764 e
225 720 304 764 vero
326 699 369 790 sit
390 695 556 776 afuturus,
579 687 771 779 quidemn
791 692 860 760 sere
881 707 1042 762 annorum
1061 693 1147 758 inter
1168 717 1232 760 eos
1247 695 1295 760 di-

185 801 325 882 scrimen
348 820 422 864 esse
444 797 605 864 statuerit.
627 835 628 838 =
653 795 786 882 Itaque,
806 817 913 884 'quma
942 793 1045 862 Iubae
1067 795 1193 860 natales
1215 796 1294 882 iucif

185 905 266 972 dant
290 903 326 968 in
348 923 377 964 a.
399 921 432 968 u.
456 901 534 980 708,
564 897 745 984 Didymum
766 917 796 964 a.
819 921 862 964 u,
876 899 937 962 713
961 904 1073 964 natum
1098 918 1171 964 csse
1193 897 1291 962 effici·

96 1021 98 1034 ’
184 1017 252 1088 uu,
280 1003 379 1091 quod·
394 1023 468 1066 cum
492 997 832 1068 summisisse
859 999 1168 1084 sttqemeqnsm
1191 999 1296 1084 possit
1325 1049 1336 1056 .

189 1106 327 1192 egregie
346 1104 515 1172 conciliari
541 1103 650 1190 quivis
674 1099 858 1185 intelleget,
886 1101 944 1187 'qui
961 1122 1053 1188 quae
1081 1100 1123 1166 de
1142 1098 1297 1168 vceebmi

184 1201 333 1292 γεγονώς
364 1205 452 1291 apud
476 1203 611 1272 Suidam
644 1223 706 1270 usu
737 1202 927 1270 observavit
958 1202 1116 1270 Ritschol.
1145 1201 1181 1268 in
1211 1200 1295 1272 libro

184 1311 282 1376 Alex.
306 1306 460 1372 Biblioth.
487 1330 521 1394 pr
553 1309 594 1376 79
612 1305 820 1384 meminerit.
864 1302 1017 1390 Spondeo
1040 1326 1070 1367 a.
1093 1325 1125 1368 u.
1151 1305 1214 1366 712
1240 1305 1293 1389 (sl

184 1435 214 1478 a.
238 1409 333 1492 On),
356 1429 420 1495 quo
444 1407 559 1474 Cicero
580 1406 653 1472 luco
674 1399 823 1492 privetur
844 1415 909 1488 est,
930 1405 1110 1492 Didymum
1133 1406 1169 1470 in
1190 1405 1295 1472 lucen

185 1511 418 1594 esse-editum,
437 1510 468 1576 h.
491 1532 519 1574 e.
539 1525 659 1585 novem
680 1527 783 1572 annos
801 1515 876 1594 post
894 1506 1148 1572 Iubam-natum.
1194 1507 1295 1587 Quin*

185 1613 422 1703 quagensrium
443 1610 544 1694 igitur
564 1609 592 1673 si
613 1629 701 1673 nono
726 1616 801 1694 post
822 1607 899 1674 Chr.
925 1630 1011 1672 anno
1033 1609 1221 1674 vicenarius
1241 1631 1296 1676 au,

59 1791 64 1800 ⁸
186 1716 269 1782 divit
291 1712 448 1796 Ponticus
470 1709 678 1792 Heraclides,
706 1709 759 1774 hie
782 1708 820 1774 O.
846 1710 989 1776 Caesare
1011 1709 1165 1796 Caligula
1185 1713 1295 1797 Augu-

185 1826 235 1884 sto
263 1815 298 1880 II
326 1813 401 1882 Cos.
429 1812 490 1878 AO
521 1815 561 1876 39
592 1813 913 1903 qoinquagesimum,
945 1811 1007 1876 AO
1040 1816 1080 1876 54
1122 1829 1224 1898 regno
1255 1814 1297 1878 od
1369 1867 1372 1872 .

184 1917 348 1984 Neronem
381 1915 538 1982 redeunte
572 1934 694 1982 annum
722 1912 841 1997 egebat
882 1913 1123 1998 sexagesimum
1156 1917 1295 1980 sextum.

184 2019 300 2105 Neque
327 2016 377 2088 his
393 2025 586 2102 ‘temporum
615 2013 836 2084 notationibus
864 2015 987 2080 indicia
1007 2015 1134 2103 reliqua
1160 2039 1226 2084 non
1248 2033 1296 2086 r'e·

186 2119 362 2206 spondent:
393 2111 716 2204 primumolaudius
736 2116 915 2204 Didymus,
944 2118 1003 2204 qui
1025 2119 1297 2204 apudNeronem

184 2223 270 2288 vixit
299 2219 485 2292 Heraclidis
512 2219 615 2300 filius,
642 2225 713 2286 tum
740 2219 911 2285 Heraclidi
936 2241 1010 2285 cum
1034 2221 1194 2318 Anterote
1227 2207 1296 2288 sive

75 2315 76 2318 ¹
115 2305 117 2316 Ι
184 2322 360 2409 Apollonio
379 2320 528 2386 Archihii
554 2319 778 2408 (Archebuli),
799 2321 939 2408 Apionis
960 2321 1137 2407 discipulo,
1158 2321 1222 2388 suh
1240 2325 1296 2390 ints

185 2433 336 2511 peratore
357 2419 494 2490 Claudio
518 2429 689 2507 susceptae
709 2422 909 2505 inimicitiae,
934 2423 1053 2506 deinde
1069 2423 1159 2509 'Apio
1180 2422 1297 2490 Ptine

185 2527 293 2610 uices,
314 2525 452 2612 Didymi
472 2519 636 2607 θρεπτός,
661 2523 810 2607 Tiberio,
834 2524 870 2591 Ο.
896 2525 1053 2606 Caesare,
1079 2521 1223 2592 Claudio
1241 2526 1298 2590 lm·

185 2627 392 2714 peratoribus
432 2633 501 2690 tote
543 2623 718 2690 circulatus
756 2624 911 2710 Graecia,
937 2647 1120 2692 ·=·suocessor
1154 2625 1297 2694 Theonis

186 2729 406 2812 grammatici,
422 2728 569 2816 aequalis
585 2748 664 2792 vero
682 2726 837 2814 Dionysii
852 2728 1164 2811 Halicarnassensis,
1182 2739 1298 2816 quarto

186 2828 337 2915 Trypho,
359 2830 527 2894 Ammonii
549 2829 652 2912 filius,
673 2831 778 2900 nostri
799 2830 1023 2917 discipulus¹),
1046 2825 1297 2912 ysyovoist'nusd

186 2925 265 3006 τούς
279 2926 483 3014 Αὐγούστου
497 2929 641 3016 χρόνους
658 2930 714 2998 καὶ
735 2927 912 3016 πρότερον,
931 2933 1044 3019 quinto
1058 2933 1265 3000 Aristonicus
1273 2933 1298 3018 ²>

187 3031 358 3106 Strabonis
385 3033 532 3120 aequalis
559 3033 595 3096 in
621 3031 714 3098 libris
737 3035 804 3100 suis
833 3035 910 3116 περὶ
936 3037 1083 3118 σημείων
1111 3034 1298 3119 compositis

186 3132 324 3220 Didymi
348 3134 390 3199 de
413 3133 572 3204 diorthosi
591 3133 727 3199 Homeri
754 3136 967 3203 Aristarchea
988 3159 1086 3223 opere
1110 3133 1298 3220 saepissimo

186 3256 265 3314 usus
289 3235 382 3323 (citat
402 3231 477 3300 eum
496 3239 528 3300 Θ-
546 3239 620 3313 535.
644 3239 762 3322 086),
791 3239 931 3325 denique
952 3238 1060 3321 Theo,
1087 3238 1152 3304 nisi
1172 3239 1299 3304 conice-

187 3346 261 3404 tura
284 3337 387 3421 follit,
409 3337 547 3425 Didymi
568 3338 603 3402 in
621 3337 736 3406 lexicis
760 3339 940 3407 condendis
962 3341 1087 3424 tragice
1108 3339 1299 3426 comicoq'ue

126 3456 128 3463 ·
188 3441 297 3526 operis
325 3442 507 3528 consors³),
541 3440 680 3529 Apionis
709 3441 744 3504 in
766 3441 880 3508 Museo
903 3442 1131 3510 Alexandrino
1153 3450 1299 3508 anteces-

188 3564 252 3610 sor.
297 3542 405 3631 Atque
427 3543 469 3608 de
489 3543 628 3631 Apionis
655 3550 688 3607 et
711 3544 815 3612 nostri
838 3545 1067 3614 coniunctione
1094 3566 1136 3612 no
1155 3544 1300 3612 interro·

258 3753 284 3818 1)
300 3753 363 3806 Vid.
381 3755 477 3808 Lehrs.
502 3753 635 3820 chArist.
661 3751 733 3804 stud.
754 3753 835 3807 Hom.
860 3769 887 3820 p.
909 3753 972 3806 341.
993 3779 1026 3792 -
1048 3753 1214 3808 Velsentde
1231 3756 1299 3821 'doy-

187 3839 269 3906 phon.
287 3855 314 3906 p.
334 3843 360 3891 2.
1230 3899 1231 3904 ,

257 3928 284 3992 2)
308 3928 403 3978 Lehrs.
428 3924 447 3976 l.
467 3925 485 3976 l.
509 3941 536 3990 p.
556 3926 582 3976 5.
607 3926 729 3976 Mittzell.
756 3927 789 3976 de
816 3927 920 3978 emend.
938 3927 1169 3994 Theog.Hesiod.
1188 3945 1215 3994 p.
1236 3929 1298 3980 288.

187 4013 347 4079 Bernhardy
370 4012 487 4064 Grundr.
518 4012 565 4064 der
590 4027 630 4078 gr.
655 4014 741 4068 Liter.
766 4015 863 4068 Gesoh.
889 4016 918 4069 11
943 4032 969 4080 p.
996 4016 1056 4066 114.
1093 4015 1145 4066 uh.
1165 4015 1298 4065 Beecerd.

188 4099 221 4149 de
251 4099 346 4150 scholl.
376 4101 473 4150 Venet.
502 4114 529 4163 p.
559 4099 684 4151 11-26.
737 4100 827 4151 Wold.
851 4101 982 4152 Ribbeck.
1013 4102 1046 4152 de
1064 4101 1166 4154 Zenod.
1191 4105 1298 4167 qusest'.

187 4199 214 4250 p.
235 4186 277 4238 13.
298 4185 416 4250 quinon
434 4185 774 4252 debebutBernherdyum
793 4187 938 4253 castigare.

258 4271 286 4337 3)
311 4272 353 4322 Cf.
376 4275 497 4322 nostrum
522 4272 555 4322 de
574 4267 628 4333 λεξ,
654 4287 724 4338 notu.
746 4278 919 4326 commentat.
943 4290 965 4324 s.
984 4274 1004 4326 i.
