2894 4890
209 379 267 441 184

207 568 240 632 p.
271 546 348 626 653,
379 543 419 605 26
445 540 491 604 St.
538 544 721 623 Σκῦρος·
752 532 772 622 ἡ
802 543 921 622 νῆσος,
946 539 1015 605 ἐπεὶ
1039 535 1232 624 ἀρνιλοίδης
1254 541 1322 605 ἐστὶ
1382 581 1389 622 g

209 643 264 709 καὶ
291 641 487 724 λευκόγεως.
532 638 657 724 σκύρος
684 637 747 723 γὰρ
777 635 797 723 ἡ
827 637 967 724 dardan.
1014 645 1207 726 Δίδυμος
1233 641 1322 726 λέγει

210 746 247 811 έν
279 741 496 828 ὑπομνήματι
525 747 541 822 ξ
568 738 774 818 Ὀδυσσείας·
817 743 853 806 αί
886 737 1084 825 ἄργιλοίδεις
1117 749 1244 827 φαῦλαι
1277 748 1323 822 είς

210 849 350 926 καρπῶν
370 841 510 931 ἀνέσεις,
534 843 715 930 μηλοβότοι
739 844 786 928 δέ,
808 841 963 928 καθάπερ
984 847 1121 928 Σκῦρος
1142 845 1198 910 καὶ
1220 847 1257 910 αί
1271 852 1322 910 λε-

210 945 351 1031 γόμεναι
370 941 597 1030 Ἀρνινοῦσακ
624 937 763 1034 (Ὧρος).
809 945 954 1032 Hesyoh.
976 949 1159 1027 Σκῦρος·
1185 944 1281 1026 πόλις
1303 943 1324 1030 ἢ

211 1053 314 1131 νῆσος
333 1039 354 1130 ἢ
374 1045 515 1131 λατύπη.
536 1053 673 1128 Σκῦρος
694 1042 883 1130 ἆρνιίοίδης
895 1048 956 1134 (sic
969 1048 1100 1135 (διομεῖ,
1124 1049 1195 1114 οοδ.
1209 1044 1323 1132 τἰργιο-

212 1149 338 1235 λίδης)·
372 1153 564 1233 Λυσίμαχος
594 1148 656 1233 τὴν
688 1147 850 1232 λατύπην.
902 1143 1135 1236 Lysimachum
1166 1151 1323 1236 intellego

213 1251 326 1331 Coum,
346 1272 408 1335 quo
426 1249 466 1312 de
478 1251 625 1315 Erotian.
646 1275 679 1336 p.
696 1255 745 1315 10.
762 1255 833 1314 104.
848 1254 909 1315 360
923 1251 1017 1334 Frz.;
1036 1248 1169 1316 νόστον
1188 1253 1323 1338 scripto·

212 1375 281 1416 rem
302 1349 463 1432 intellegit
485 1349 640 1415 Stiehlius
662 1354 696 1414 in
717 1351 835 1416 Philol.
860 1351 909 1415 IV
934 1356 947 1414 1
971 1375 1003 1439 p.
1029 1357 1100 1417 106.

755 1560 785 1618 4.

300 1684 411 1770 Steph.
439 1684 521 1771 Byz.
557 1689 631 1767 116,
669 1686 812 1750 5M=
835 1692 890 1772 52,
914 1693 953 1753 35
975 1689 1030 1753 W.
1065 1690 1255 1773 Δίδυμος
1287 1689 1324 1754 δὲ

214 1781 495 1870 δπομνηματίζων
515 1780 577 1869 τὴν
592 1810 612 1849 ν
627 1785 721 1873 (libb.
745 1788 782 1873 μ)
805 1793 862 1870 τῆς
880 1783 1072 1867 Ὀδυσσείας
1095 1794 1216 1873 φησίν·
1237 1786 1324 1874 Ἀρε-

216 1889 342 1951 θοῦσαι
366 1886 405 1950 δέ
423 1889 508 1951 εἰσιν
527 1881 615 1952 όκτοί
637 1887 736 1974 (εἰσιν
759 1910 779 1969 η
802 1888 906 1954 Rchd.
930 1891 993 1956 είσί
1015 1916 1057 1976 νη
1081 1892 1121 1956 V.
1146 1891 1236 1957 ‘fort
1261 1894 1324 1957 είσι

214 1995 264 2053 Δ’
288 1986 460 2076 Meinek.).

300 2105 340 2168 In
353 2106 453 2170 schol.
462 2107 504 2170 ad
515 2107 547 2170 h.
556 2107 576 2169 l.
585 2115 735 2194 quattuor
741 2115 867 2170 tantum
873 2108 1058 2182 Arethusae
1069 2113 1325 2192 dinumerantur,

216 2205 408 2294 quibuscum
429 2209 635 2273 consentiunt
656 2209 840 2273 Aristarchi
861 2209 1026 2294 glossulae
1049 2232 1099 2296 ap.
1122 2213 1171 2275 lo.
1189 2211 1325 2276 Tortell.

125 2349 127 2355 ·
216 2309 344 2374 Aretin.
383 2309 613 2393 orthogr.'fol.
644 2313 683 2373 39
713 2309 772 2374 col.
804 2311 822 2370 2
862 2310 992 2396 (Venet.
1024 2309 1118 2399 1501)
1150 2310 1254 2375 ‘Sane
1292 2311 1326 2375 in

215 2410 369 2496 glossulis
403 2409 588 2476 Aristarchi
625 2433 722 2497 super
755 2411 844 2473 XIII
878 2411 1008 2475 odissea
1039 2410 1176 2473 Homeri
1207 2410 1327 2476 librum

218 2511 361 2595 comperi
380 2520 532 2596 quattuor
552 2510 587 2573 in
608 2511 748 2575 diversis
769 2512 883 2575 mnndi
901 2511 1050 2597 partibus
1073 2511 1176 2574 fuisse
1188 2509 1326 2576 Arethu-

218 2610 282 2674 sios
316 2610 440 2695 fontes,
472 2633 574 2675 unum
606 2612 694 2698 apud
716 2611 912 2699 Syracusae,
949 2613 1085 2677 alterum
1109 2612 1196 2697 apud
1220 2611 1327 2700 Smyr-

217 2734 308 2794 nam,
338 2716 471 2778 tertium
498 2713 533 2775 in
557 2712 713 2778 Chalcide
743 2722 775 2777 et
797 2723 948 2799 quartum
970 2715 1004 2776 in
1029 2712 1170 2777 Ithaca’
1214 2712 1329 2799 Neque

216 2814 326 2900 plures
348 2815 442 2879 novit
469 2813 570 2878 schol.
594 2814 732 2879 Theocr.
757 2839 777 2877 α
803 2818 862 2878 117
884 2835 916 2899 p.
943 2814 1003 2875 843
1032 2813 1154 2876 Kiessl.
1175 2812 1327 2877 Eustath.

221 2919 317 2997 1746,
346 2919 385 2978 58
418 2913 564 3001 Hesych.
603 2908 844 2998 Ἀρέθουσα·
882 2910 989 2996 κρήνη
1019 2907 1191 2998 ένἸθάκῃ
1215 2912 1329 2978 καὶέν

219 3017 367 3099 Σικελία,
391 3003 468 3098 ἕνῇ
491 3009 508 3078 ὁ
531 3015 567 3079 ἐν
590 3021 629 3101 τῇ
641 3011 753 3082 Ἤλιδι
766 3017 853 3101 ῥέων
876 3009 1023 3096 ποταμὸς
1045 3007 1211 3096 ἀργύριον
1234 3021 1331 3100 κομί-

219 3114 287 3189 ζειν
311 3112 513 3198 νενόμισται.
545 3116 637 3180 Idem
659 3117 822 3201 Κύπρα·
847 3111 867 3199 ἡ
890 3115 926 3180 ἐν
949 3118 1088 3199 Σικελίᾳ
1111 3112 1218 3199 κρήνη
1238 3110 1330 3200 'Aod-
1432 3169 1438 3200 ,

218 3221 341 3278 θουσα.
387 3214 442 3278 Sic
464 3217 549 3280 enim
575 3217 755 3283 Phoenices
778 3216 977 3282 Arethusam
1002 3215 1226 3303 appellabant,
1246 3226 1330 3281 teste

220 3314 332 3380 Curtio
353 3317 387 3379 in
404 3316 449 3379 M.
471 3315 605 3382 Pindari
626 3328 658 3381 et
675 3319 702 3382 I.
716 3316 1134 3404 Friedlaenderchitrage
1153 3315 1206 3378 fur
1229 3317 1330 3382 altero

219 3414 431 3479 Miinzkunde
453 3416 471 3479 Ι
492 3441 524 3505 p.
549 3419 625 3500 234,
648 3419 705 3482 ubi
726 3419 767 3483 de
789 3418 977 3494 Arethusae
996 3425 1074 3502 typo
1094 3418 1129 3480 in
1147 3419 1255 3481 numis
1278 3417 1329 3482 Oi-

218 3511 332 3577 licum
347 3524 550 3604 satraparum
575 3521 653 3603 agit.
705 3519 756 3584 Of.
780 3516 913 3584 Ulrichs
941 3519 975 3580 in
1004 3517 1088 3580 Mus.
1116 3511 1221 3581 Rhen.
1247 3519 1280 3583 V
1298 3541 1329 3605 p.

218 3615 291 3677 482.
312 3618 330 3679 3
349 3621 568 3706 an..1846s47.
1237 3642 1240 3646 ·

762 3740 792 3800 5.

305 3866 412 3932 Schol.
436 3870 478 3932 ad
504 3870 519 3945 ξ
541 3874 560 3934 6
583 3871 800 3935 Buttmannus
822 3895 854 3956 p.
878 3873 957 3953 577,
981 3874 999 3933 8
1023 3892 1065 3935 ex
1087 3878 1128 3933 et.
1152 3893 1195 3932 m.
1218 3894 1251 3955 p.
1270 3867 1330 3936 603

222 3970 313 4055 (664)
338 3973 377 4032 50
401 3970 543 4053 adauget
563 3971 629 4034 his:
651 3974 864 4053 περίσκεπτοι
889 3971 924 4056 (α
945 3973 1021 4056 426)
1047 3971 1332 4058 επερισκέπτῳ

220 4069 282 4134 ἐνὶ
306 4067 438 4156 χώρρα·
460 4108 503 4120 —
520 4073 576 4158 τῷ
604 4065 739 4158 ὑψηλῷ,
765 4065 851 4136 ὅθεν
880 4069 949 4136 ἐστί
977 4061 1244 4155 περιοκέψασθαι
1275 4067 1331 4137 διὰ

219 4165 256 4232 τὸ
280 4163 368 4246 ὕψος
389 4169 444 4234 καὶ
466 4166 608 4236 ἀπιδεῖν.
652 4166 672 4254 ἢ
696 4166 781 4236 ὅθεν
803 4172 871 4236 ἐστὶ
891 4166 927 4236 τὸ
952 4171 1162 4254 sterilitato.
1190 4165 1211 4256 ἢ
1235 4176 1332 4255 περί-

124 4356 129 4363 ·
219 4284 381 4353 σκεπτον,
409 4263 496 4347 ὅτις
518 4264 561 4335 dlv
581 4274 759 4336 κατανοῶν
783 4270 1009 4356 θαυμάσειεν,
1039 4264 1131 4337 olom
1158 4268 1249 4356 ὄφρα
1272 4275 1330 4357 με’-
