2866 4882
1152 335 1222 402 Γ280

110 493 272 579 Didymo,
290 503 337 557 ‘ut
368 494 527 576 vidimus,
561 505 811 561 commemorata
846 498 881 563 in
908 499 995 564 hunc
1016 523 1116 566 unum
1138 487 1224 567 com?

110 597 305 658 menterium
325 597 539 680 transscripta
563 595 695 660 fuerint.
740 598 856 686 Itaque
878 600 921 664 ad
939 594 991 664 ὅτι
1014 596 1051 665 δὲ
1069 601 1221 687 συμβάλ-

110 701 201 760 λεται
220 694 438 779 subintellego
459 695 562 759 verba
591 690 658 760 ὑπὸ
680 701 750 762 coir
773 704 1217 787 αρουαομνηματισαμίυωυ.

196 796 293 859 Η11ο
317 796 417 879 igitur
439 796 575 882 Didymi
604 802 869 864 commentarium
892 803 959 865 'suis
981 803 1220 890 interpretatio-

110 897 207 961 nibus
230 898 322 983 quasi
351 897 544 960 incrustavit
570 898 783 984 Symmachus
812 901 1040 985 Atheniensis,
1071 904 1106 968 id
1133 905 1221 991 quod

111 1021 128 1060 e
161 996 261 1062 schol.
292 996 351 1059 Ar.
378 996 465 1059 Aur.
501 1000 540 1061 58
570 1001 710 1083 conicio,
741 1001 798 1064 ubi
826 1022 908 1087 quae
937 1001 1090 1086 leguntur
1116 1003 1220 1068 verba

111 1099 232 1162 ἐποποῖ
252 1093 440 1178 Σύμμαχος
462 1096 529 1161 καὶ
557 1101 708 1183 Δίδυμος
736 1099 1056 1183 προπαροξύυουσιυ
1085 1125 1102 1167 e
1128 1125 1218 1168 more

109 1200 393 1283 grammaticorum
414 1197 479 1260 nisi
500 1197 584 1262 hanc
606 1201 640 1262 in
663 1203 855 1266 sententiam
878 1204 1047 1289 explanari
1065 1227 1130 1269 non
1145 1227 1218 1290 pos-

111 1309 200 1364 sunt:
246 1298 445 1383 Did-ymus
488 1320 509 1361 a
549 1298 785 1386 Symmacho
823 1303 1010 1367 adscitus
1049 1313 1088 1367 et
1126 1306 1216 1390 ipse

110 1398 421 1485 Symmachus¹).
444 1398 577 1462 Rectius
601 1401 700 1484 igitur
722 1403 761 1465 Ο.
775 1399 993 1466 Schneiderus
1015 1426 1046 1489 p.
1066 1407 1106 1469 98
1124 1408 1144 1484 ξ
1165 1407 1213 1468 19.

110 1503 150 1563 20
175 1500 276 1586 (Avv.
305 1499 399 1582 1001)
422 1499 477 1562 Fr.
503 1499 629 1564 Rittero
650 1500 729 1565 Did.
754 1523 864 1587 opusc.
888 1525 919 1588 p.
935 1507 972 1565 41
996 1511 1028 1566 et
1049 1502 1090 1567 G.
1114 1504 1215 1568 Bern-

108 1602 233 1687 hardyo
258 1601 315 1665 Gr.
339 1599 400 1664 litt
430 1599 505 1662 hist.
528 1623 560 1685 p.
583 1604 661 1683 998,
689 1625 883 1688 quamquam
909 1623 975 1666 non
996 1602 1119 1668 infitior
1141 1626 1215 1669 con-

108 1703 244 1766 trarium
271 1723 289 1764 e
316 1699 416 1764 schol.
444 1699 641 1764 Ρ1111130
674 1697 764 1767 οὕτω
793 1703 860 1767 καὶ
884 1703 1036 1784 Δίδυμος
1065 1704 1216 1769 concludi

109 1823 215 1890 posse.
246 1801 352 1864 Haec
375 1802 461 1864 enim
483 1801 601 1865 huuc
592 1825 627 1865 m
649 1803 780 1867 modum
803 1803 1008 1887 interpretari
1031 1804 1153 1888 possis,
1179 1813 1216 1868 ut

110 1877 330 1984 scholiasta,
324 1923 380 1988 qur
370 1901 626 1988 Symmachum
645 1902 789 1986 Didymo
812 1904 1067 1966 consentientem
1088 1906 1215 1989 conspi-

47 2004 51 2014 “
109 2013 212 2084 ceret,
184 2002 315 2067 this'
306 2004 389 2087 rpsis
409 2002 520 2066 verbis
542 2003 752 2083 indicaverit,
780 2002 867 2065 nolle
889 2023 940 2083 se,
962 2023 1004 2065 ne
1025 2002 1077 2066 bis
1101 2003 1214 2068 eadem

109 2110 276 2190 recoquat,
309 2102 491 2188 Didymum
515 2103 715 2181 exscribere,
752 2108 786 2163 ut
817 2099 939 2163 factum
971 2123 1043 2164 esse
1071 2103 1213 2166 vidimus

109 2208 205 2270 etiam
219 2206 261 2267 'in
285 2203 397 2268 soholl.
422 2205 464 2268 ad
486 2203 526 2266 Il.
549 2203 663 2265 Venet.
709 2198 773 2262 Sed
794 2209 930 2283 possunt
951 2202 1049 2264 etiam
1068 2199 1213 2284 Symma-

108 2306 161 2369 chi
188 2305 291 2370 verba
314 2327 403 2387 esse,
434 2307 490 2392 qui
518 2304 558 2367 ad
588 2302 674 2363 Avv.
706 2300 787 2361 1002
815 2309 926 2385 aperte
948 2299 1086 2386 Didymi
1110 2300 1214 2365 verba

109 2396 310 2471 continuavit
345 2416 400 2470 aut
423 2407 628 2470 continuasse
652 2396 760 2461 videri
786 2398 904 2481 voluit,
934 2397 1148 2485 siquidem
1113 2423 1154 2464 τα
1174 2398 1212 2464 δὲ

108 2506 181 2590 ἑξῆς
205 2502 422 2587 ἀδιανόητα
413 2505 514 2590 1psius
536 2498 674 2583 Didymi
700 2519 772 2562 esse
798 2520 815 2562 e
845 2499 1211 2614 schol.Vespp.130tl

108 2608 272 2673 Pluteos
291 2614 379 2669 recte
401 2602 577 2668 coniecisse
599 2596 747 2661 videbor

194 2707 259 2772 Sed
290 2728 376 2770 nunc
405 2703 469 2766 n'on
496 2699 532 2762 id
559 2699 756 2782 agimus,u
734 2706 770 2761 ut
799 2699 916 2762 iterum
937 2700 1092 2764 rimemur
1114 2723 1210 2787 quae-

108 2810 245 2874 stionem
267 2829 287 2869 a
302 2801 498 2870 Schneidero
515 2797 729 2885 profligatam,
752 2807 860 2862 utrum
880 2799 1056 2863 scholiasta
1074 2802 1109 2864 in
1126 2823 1211 2866 com-

105 2909 263 2996 portando
292 2901 455 2970 volumine
483 2920 541 2962 suo
570 2896 762 2983 Symmacho
787 2899 996 2985 Didymoque
1023 2900 1210 2965 auctoribus

105 3032 184 3074 usus
209 3010 259 3086 sit,
280 3026 322 3067 an
336 2999 474 3085 Didymi
495 2999 605 3084 copias
629 2998 747 3062 exilio
770 2997 899 3063 demum
920 3002 1067 3084 cognitas
1089 3000 1210 3065 habue-

106 3111 163 3191 rit,
202 3105 258 3169 sed
288 3111 325 3167 ut
355 3100 527 3164 fulciamus
554 3099 641 3185 quod
669 3099 827 3183 diximus,
861 3101 987 3165 scholia
1018 3101 1209 3187 insignioris

105 3207 271 3272 doctrinae
304 3200 480 3268 luminibus
513 3199 666 3264 distincta
696 3222 713 3264 e
743 3199 949 3266 Chalcenteri
978 3203 1209 3267 commentario

91 3300 234 3391 ¹recepta
256 3325 343 3384 esse,
374 3321 438 3386 qua
458 3301 493 3363 in
517 3322 553 3362 re
576 3299 796 3384 explananda,
829 3303 901 3386 quis
923 3303 1056 3366 tandem
1078 3304 1147 3368 dux
1167 3303 1207 3367 Ο.

104 3405 302 3470 Schneidero
322 3424 383 3488 par
402 3407 509 3486 potest
522 3401 664 3464 inveniri
679 3401 829 3464 itineris?
850 3402 996 3466 Primum
1013 3404 1113 3486 igitur
1126 3424 1208 3489 quos

102 3506 185 3570 alios
202 3504 338 3568 aliorum
353 3509 521 3586 poetarum
531 3501 620 3564 locos
636 3501 798 3584 inspicere
820 3501 979 3584 iubemur,
1001 3502 1027 3563 ii
1039 3522 1149 3565 omnes
1165 3501 1208 3564 ad
1226 3568 1228 3571 ,

102 3605 282 3691 Didymum
299 3623 358 3667 nos
378 3610 493 3687 sponte
515 3600 691 3664 abducunt.
736 3599 844 3666 Schol.
867 3601 952 3666 Plut.
977 3604 995 3663 9
1019 3601 1062 3664 ad
1073 3599 1208 3664 Pindari

102 3705 369 3776 commentarium
398 3699 609 3766 amandamur
640 3701 693 3766 his
725 3696 764 3765 τὰ
792 3697 854 3783 μὲν
882 3699 958 3785 περὶ
984 3701 1045 3763 τοῦ
1070 3699 1208 3761 Πυθίου

101 3789 260 3896 τρίυμδος
287 3801 460 3888 διαφόρως
486 3798 708 3885 ἱστορούμενα
737 3801 773 3865 ἐν
801 3809 869 3878 τοῖς
891 3796 1068 3881 Πινδάρου
1089 3790 1209 3878 ὕμνοις

173 3976 199 4042 1)
223 3975 326 4041 Lysist.
347 3975 398 4026 313
420 3971 548 4038 Δίδυμος
570 3970 618 4022 καὶ
637 3964 780 4036 Κρατερός
802 3971 829 4020 h.
848 3987 871 4020 o.
897 3971 1003 4021 Crateri
1025 3969 1209 4034 psephismata

102 4077 119 4111 a
131 4061 249 4126 Didymo
261 4061 356 4110 citata.
368 4060 444 4112 Serv.
458 4059 539 4126 Verg.
552 4060 618 4112 Aen.
629 4059 668 4110 IV
678 4057 738 4108 261.
750 4051 893 4119 ‘Didymus
905 4054 1096 4106 etNicander’.
1116 4051 1206 4103 Schol.

101 4145 192 4210 Apoll.
210 4146 261 4199 Rh.
280 4147 294 4196 I
314 4144 390 4212 1138.
410 4133 538 4202 Εὔπολις
555 4139 614 4194 καὶ
630 4140 767 4205 Δίδυμος.
788 4139 878 4190 Schol.
896 4140 928 4190 11.
948 4139 975 4187 Γ
990 4141 1041 4190 242
1059 4127 1136 4200 παρὰ
1151 4133 1208 4184 Πο-

102 4223 205 4294 λέμωνι
223 4227 280 4280 καὶ
298 4231 368 4303 τοῖς
379 4229 524 4286 contracte
543 4257 577 4266 —
594 4224 654 4277 aul
672 4217 749 4292 παρὰ
763 4217 901 4288 Ἀλκμᾶνι.

156 4335 315 4379 crunnus.
965 4302 1004 4362 10
