<?xml version="1.0" encoding="UTF-8"?>
<!DOCTYPE html PUBLIC "-//W3C//DTD XHTML 1.0 Transitional//EN"
    "http://www.w3.org/TR/xhtml1/DTD/xhtml1-transitional.dtd">
<html xmlns="http://www.w3.org/1999/xhtml" xml:lang="en" lang="en">
 <head>
  <title>
</title>
<meta http-equiv="Content-Type" content="text/html;charset=utf-8" />
  <meta name='ocr-system' content='tesseract 3.04.00' />
  <meta name='ocr-capabilities' content='ocr_page ocr_carea ocr_par ocr_line ocrx_word'/>
</head>
<body>
  <div class='ocr_page' id='page_1' title='image "./didymichalcente01schmgoog_0323.png"; bbox 0 0 2866 4882; ppageno 0'>
   <div class='ocr_carea' id='block_1_1' title="bbox 230 355 291 418">
    <p class='ocr_par' dir='ltr' id='par_1_1' title="bbox 230 355 291 418">
     <span class='ocr_line' id='line_1_1' title="bbox 230 355 291 418; baseline -0.016 0"><span class='ocrx_word' id='word_1_1' title='bbox 230 355 291 418; x_wconf 78' lang='lat'><strong>304</strong></span> 
     </span>
    </p>
   </div>
   <div class='ocr_carea' id='block_1_2' title="bbox 152 522 1386 3437">
    <p class='ocr_par' dir='ltr' id='par_1_2' title="bbox 152 522 1386 3437">
     <span class='ocr_line' id='line_1_2' title="bbox 230 522 1344 610; baseline 0.004 -22"><span class='ocrx_word' id='word_1_2' title='bbox 230 523 391 588; x_wconf 87' lang='lat' dir='ltr'><strong>exciderit</strong></span> <span class='ocrx_word' id='word_1_3' title='bbox 423 522 626 608; x_wconf 82' lang='lat' dir='ltr'><strong>grammatici</strong></span> <span class='ocrx_word' id='word_1_4' title='bbox 664 525 834 589; x_wconf 88' lang='lat' dir='ltr'><strong>cuiusdam</strong></span> <span class='ocrx_word' id='word_1_5' title='bbox 869 526 1093 610; x_wconf 78' lang='lat' dir='ltr'><strong>interpretatio</strong></span> <span class='ocrx_word' id='word_1_6' title='bbox 1129 526 1238 592; x_wconf 90' lang='lat' dir='ltr'><strong>minus</strong></span> <span class='ocrx_word' id='word_1_7' title='bbox 1272 528 1344 593; x_wconf 93' lang='lat' dir='ltr'><strong>loco</strong></span> 
     </span>
     <span class='ocr_line' id='line_1_3' title="bbox 230 624 1347 713; baseline 0.003 -25"><span class='ocrx_word' id='word_1_8' title='bbox 230 625 439 690; x_wconf 89' lang='lat' dir='ltr'><strong>conveniens.</strong></span> <span class='ocrx_word' id='word_1_9' title='bbox 483 624 645 688; x_wconf 90' lang='lat' dir='ltr'><strong>Acerbius</strong></span> <span class='ocrx_word' id='word_1_10' title='bbox 677 627 779 708; x_wconf 85' lang='lat' dir='ltr'><strong>enim,</strong></span> <span class='ocrx_word' id='word_1_11' title='bbox 815 625 850 689; x_wconf 93' lang='lat' dir='ltr'><strong>id</strong></span> <span class='ocrx_word' id='word_1_12' title='bbox 881 626 968 713; x_wconf 92' lang='lat' dir='ltr'><strong>quod</strong></span> <span class='ocrx_word' id='word_1_13' title='bbox 999 636 1179 692; x_wconf 84' lang='lat' dir='ltr'><strong>memoratu</strong></span> <span class='ocrx_word' id='word_1_14' title='bbox 1210 629 1347 712; x_wconf 87' lang='lat' dir='ltr'><strong>dignum</strong></span> 
     </span>
     <span class='ocr_line' id='line_1_4' title="bbox 230 724 1345 815; baseline 0.004 -27"><span class='ocrx_word' id='word_1_15' title='bbox 230 736 296 808; x_wconf 87' lang='lat' dir='ltr'><strong>est,</strong></span> <span class='ocrx_word' id='word_1_16' title='bbox 331 746 428 811; x_wconf 88' lang='lat' dir='ltr'><strong>quam</strong></span> <span class='ocrx_word' id='word_1_17' title='bbox 442 724 589 808; x_wconf 85' lang='lat' dir='ltr'><strong>assolet,</strong></span> <span class='ocrx_word' id='word_1_18' title='bbox 622 726 787 811; x_wconf 85' lang='lat' dir='ltr'>Didymus</span> <span class='ocrx_word' id='word_1_19' title='bbox 815 727 905 792; x_wconf 92' lang='lat' dir='ltr'><strong>Ionis</strong></span> <span class='ocrx_word' id='word_1_20' title='bbox 938 728 1152 814; x_wconf 78' lang='lat' dir='ltr'><strong>interpretem</strong></span> <span class='ocrx_word' id='word_1_21' title='bbox 1181 728 1345 815; x_wconf 87' lang='lat' dir='ltr'><strong>quendam</strong></span> 
     </span>
     <span class='ocr_line' id='line_1_5' title="bbox 230 827 1345 914; baseline 0.003 -25"><span class='ocrx_word' id='word_1_22' title='bbox 230 848 428 912; x_wconf 86' lang='lat' dir='ltr'><strong>anonymum</strong></span> <span class='ocrx_word' id='word_1_23' title='bbox 456 829 595 911; x_wconf 88' lang='lat' dir='ltr'><strong>castigat</strong></span> <span class='ocrx_word' id='word_1_24' title='bbox 624 829 658 890; x_wconf 91' lang='lat' dir='ltr'><strong>in</strong></span> <span class='ocrx_word' id='word_1_25' title='bbox 684 827 852 914; x_wconf 88' lang='lat' dir='ltr'><strong>Hesychio</strong></span> <span class='ocrx_word' id='word_1_26' title='bbox 879 838 911 891; x_wconf 89' lang='lat' dir='ltr'><strong>et</strong></span> <span class='ocrx_word' id='word_1_27' title='bbox 932 827 1023 893; x_wconf 89' lang='lat' dir='ltr'><strong>alibi.</strong></span> <span class='ocrx_word' id='word_1_28' title='bbox 1068 827 1142 893; x_wconf 87' lang='lat' dir='ltr'><strong>Non</strong></span> <span class='ocrx_word' id='word_1_29' title='bbox 1165 830 1274 914; x_wconf 89' lang='lat' dir='ltr'><strong>ipsum</strong></span> <span class='ocrx_word' id='word_1_30' title='bbox 1294 827 1345 892; x_wconf 91' lang='grc' dir='ltr'><strong>Ιο-</strong></span> 
     </span>
     <span class='ocr_line' id='line_1_6' title="bbox 152 923 1343 1014; baseline 0.001 -24"><span class='ocrx_word' id='word_1_31' title='bbox 152 959 153 962; x_wconf 39' lang='lat'><em>*</em></span> <span class='ocrx_word' id='word_1_32' title='bbox 228 949 304 992; x_wconf 88' lang='lat' dir='ltr'><strong>nem</strong></span> <span class='ocrx_word' id='word_1_33' title='bbox 330 928 509 1014; x_wconf 83' lang='lat' dir='ltr'><strong>perstringi</strong></span> <span class='ocrx_word' id='word_1_34' title='bbox 537 928 631 991; x_wconf 87' lang='lat' dir='ltr'><strong>docet</strong></span> <span class='ocrx_word' id='word_1_35' title='bbox 661 928 805 1012; x_wconf 90' lang='lat' dir='ltr'><strong>Hesych.</strong></span> <span class='ocrx_word' id='word_1_36' title='bbox 838 927 1063 1014; x_wconf 73' lang='grc' dir='ltr'><strong><em>ἐρῤωπίζομεν</em></strong></span> <span class='ocrx_word' id='word_1_37' title='bbox 1086 969 1126 976; x_wconf 92' lang='grc'>-</span> <span class='ocrx_word' id='word_1_38' title='bbox 1150 927 1240 1005; x_wconf 78' lang='grc' dir='ltr'><strong><em>τινὲς</em></strong></span> <span class='ocrx_word' id='word_1_39' title='bbox 1261 923 1343 992; x_wconf 83' lang='grc' dir='ltr'><strong><em>ἀπέ-</em></strong></span> 
     </span>
     <span class='ocr_line' id='line_1_7' title="bbox 228 1028 1342 1116; baseline 0.001 -23"><span class='ocrx_word' id='word_1_40' title='bbox 228 1031 334 1094; x_wconf 76' lang='grc' dir='ltr'><strong><em>δοσαν</em></strong></span> <span class='ocrx_word' id='word_1_41' title='bbox 354 1067 397 1078; x_wconf 93' lang='grc'>-</span> <span class='ocrx_word' id='word_1_42' title='bbox 419 1031 539 1106; x_wconf 76' lang='grc' dir='ltr'><strong><em>κακῶς.</em></strong></span> <span class='ocrx_word' id='word_1_43' title='bbox 584 1028 694 1092; x_wconf 90' lang='lat' dir='ltr'><strong>Unum</strong></span> <span class='ocrx_word' id='word_1_44' title='bbox 713 1031 791 1094; x_wconf 90' lang='lat' dir='ltr'><strong>novi</strong></span> <span class='ocrx_word' id='word_1_45' title='bbox 814 1029 934 1108; x_wconf 86' lang='lat' dir='ltr'><strong>locum,</strong></span> <span class='ocrx_word' id='word_1_46' title='bbox 957 1031 1013 1116; x_wconf 90' lang='lat' dir='ltr'><strong>qui</strong></span> <span class='ocrx_word' id='word_1_47' title='bbox 1035 1029 1203 1096; x_wconf 87' lang='lat' dir='ltr'><strong>Meinekio</strong></span> <span class='ocrx_word' id='word_1_48' title='bbox 1229 1030 1342 1095; x_wconf 90' lang='lat' dir='ltr'><strong>suffra-</strong></span> 
     </span>
     <span class='ocr_line' id='line_1_8' title="bbox 228 1123 1342 1216; baseline 0.003 -23"><span class='ocrx_word' id='word_1_49' title='bbox 228 1131 300 1214; x_wconf 89' lang='lat' dir='ltr'><strong>gari</strong></span> <span class='ocrx_word' id='word_1_50' title='bbox 324 1151 421 1216; x_wconf 91' lang='lat' dir='ltr'><strong>posse</strong></span> <span class='ocrx_word' id='word_1_51' title='bbox 450 1123 600 1194; x_wconf 89' lang='lat' dir='ltr'><strong>videatur</strong></span> <span class='ocrx_word' id='word_1_52' title='bbox 619 1128 769 1194; x_wconf 84' lang='lat' dir='ltr'><strong>Eustath.</strong></span> <span class='ocrx_word' id='word_1_53' title='bbox 797 1135 834 1194; x_wconf 82' lang='grc' dir='ltr'>Ψ</span> <span class='ocrx_word' id='word_1_54' title='bbox 851 1132 912 1195; x_wconf 82' lang='grc'><strong>270</strong></span> <span class='ocrx_word' id='word_1_55' title='bbox 934 1153 966 1216; x_wconf 90' lang='lat' dir='ltr'><strong>p.</strong></span> <span class='ocrx_word' id='word_1_56' title='bbox 988 1134 1079 1214; x_wconf 86' lang='lat'>1300,</span> <span class='ocrx_word' id='word_1_57' title='bbox 1099 1136 1117 1194; x_wconf 89' lang='lat'>5</span> <span class='ocrx_word' id='word_1_58' title='bbox 1139 1172 1183 1183; x_wconf 81' lang='lat'>-</span> <span class='ocrx_word' id='word_1_59' title='bbox 1204 1127 1250 1210; x_wconf 76' lang='grc' dir='ltr'><strong>ὡς</strong></span> <span class='ocrx_word' id='word_1_60' title='bbox 1263 1127 1342 1198; x_wconf 82' lang='grc' dir='ltr'><strong>Ἴον</strong></span> 
     </span>
     <span class='ocr_line' id='line_1_9' title="bbox 228 1225 1341 1317; baseline 0.002 -21"><span class='ocrx_word' id='word_1_61' title='bbox 228 1225 246 1296; x_wconf 89' lang='grc' dir='ltr'><strong>ὁ</strong></span> <span class='ocrx_word' id='word_1_62' title='bbox 281 1226 421 1314; x_wconf 79' lang='grc' dir='ltr'><strong><em>ποιητὴς</em></strong></span> <span class='ocrx_word' id='word_1_63' title='bbox 455 1225 659 1313; x_wconf 81' lang='grc' dir='ltr'><strong><em>ὑπεμφαίνει</em></strong></span> <span class='ocrx_word' id='word_1_64' title='bbox 701 1229 737 1294; x_wconf 80' lang='grc' dir='ltr'><strong>ἐν</strong></span> <span class='ocrx_word' id='word_1_65' title='bbox 776 1234 822 1317; x_wconf 76' lang='grc' dir='ltr'><strong>τῷ</strong></span> <span class='ocrx_word' id='word_1_66' title='bbox 859 1232 1029 1316; x_wconf 79' lang='grc' dir='ltr'><strong><em>ἔκπωμα</em></strong></span> <span class='ocrx_word' id='word_1_67' title='bbox 1064 1228 1341 1299; x_wconf 73' lang='grc' dir='ltr'><strong><em>δακτυλωτὸν</em></strong></span> 
     </span>
     <span class='ocr_line' id='line_1_10' title="bbox 227 1324 1340 1418; baseline 0.002 -22"><span class='ocrx_word' id='word_1_68' title='bbox 227 1327 436 1416; x_wconf 75' lang='grc' dir='ltr'><strong><em>ἄχραντον</em></strong></span> <span class='ocrx_word' id='word_1_69' title='bbox 458 1334 577 1416; x_wconf 79' lang='grc' dir='ltr'><strong><em>πυρί,</em></strong></span> <span class='ocrx_word' id='word_1_70' title='bbox 596 1330 652 1394; x_wconf 78' lang='grc' dir='ltr'><strong>καὶ</strong></span> <span class='ocrx_word' id='word_1_71' title='bbox 672 1324 724 1396; x_wconf 83' lang='grc' dir='ltr'><strong>ὅτι</strong></span> <span class='ocrx_word' id='word_1_72' title='bbox 746 1331 919 1415; x_wconf 78' lang='grc' dir='ltr'><em>ψέγεται</em></span> <span class='ocrx_word' id='word_1_73' title='bbox 938 1326 955 1396; x_wconf 89' lang='grc' dir='ltr'><strong><em>ὁ</em></strong></span> <span class='ocrx_word' id='word_1_74' title='bbox 975 1329 1081 1398; x_wconf 73' lang='lat' dir='ltr'><strong>slacio</strong></span> <span class='ocrx_word' id='word_1_75' title='bbox 1098 1329 1161 1417; x_wconf 83' lang='grc' dir='ltr'><strong>τὴν</strong></span> <span class='ocrx_word' id='word_1_76' title='bbox 1179 1332 1340 1418; x_wconf 79' lang='grc' dir='ltr'><strong><em>τοιαύτην</em></strong></span> 
     </span>
     <span class='ocr_line' id='line_1_11' title="bbox 228 1428 1340 1519; baseline 0.001 -21"><span class='ocrx_word' id='word_1_77' title='bbox 228 1430 353 1516; x_wconf 80' lang='grc' dir='ltr'><em>φιάλην</em></span> <span class='ocrx_word' id='word_1_78' title='bbox 383 1435 530 1516; x_wconf 79' lang='grc' dir='ltr'><strong><em>ἔκπωμα.</em></strong></span> <span class='ocrx_word' id='word_1_79' title='bbox 584 1434 736 1516; x_wconf 77' lang='grc' dir='ltr'><em>Δίδυμος</em></span> <span class='ocrx_word' id='word_1_80' title='bbox 774 1429 838 1519; x_wconf 76' lang='grc' dir='ltr'><strong>γὰρ</strong></span> <span class='ocrx_word' id='word_1_81' title='bbox 871 1428 888 1499; x_wconf 91' lang='grc' dir='ltr'><strong><em>ὁ</em></strong></span> <span class='ocrx_word' id='word_1_82' title='bbox 918 1434 1145 1519; x_wconf 76' lang='grc' dir='ltr'><strong><em>γραμματικὸς</em></strong></span> <span class='ocrx_word' id='word_1_83' title='bbox 1176 1431 1340 1518; x_wconf 79' lang='grc' dir='ltr'><strong><em>ποτήριον</em></strong></span> 
     </span>
     <span class='ocr_line' id='line_1_12' title="bbox 226 1528 1338 1622; baseline 0 -24"><span class='ocrx_word' id='word_1_84' title='bbox 226 1537 374 1616; x_wconf 80' lang='grc' dir='ltr'><strong><em>χαλκοῦν</em></strong></span> <span class='ocrx_word' id='word_1_85' title='bbox 399 1529 506 1616; x_wconf 80' lang='grc' dir='ltr'><strong><em>αὐτὴν</em></strong></span> <span class='ocrx_word' id='word_1_86' title='bbox 534 1528 627 1598; x_wconf 77' lang='lat' dir='ltr'><strong>older</strong></span> <span class='ocrx_word' id='word_1_87' title='bbox 653 1533 835 1600; x_wconf 79' lang='grc' dir='ltr'><strong><em>ἐκπέταλον</em></strong></span> <span class='ocrx_word' id='word_1_88' title='bbox 864 1541 933 1600; x_wconf 88' lang='grc' dir='ltr'><strong><em>κτλ.</em></strong></span> <span class='ocrx_word' id='word_1_89' title='bbox 979 1537 1045 1601; x_wconf 87' lang='lat' dir='ltr'><strong>Sed</strong></span> <span class='ocrx_word' id='word_1_90' title='bbox 1066 1560 1108 1602; x_wconf 92' lang='lat' dir='ltr'><strong>ne</strong></span> <span class='ocrx_word' id='word_1_91' title='bbox 1129 1536 1183 1600; x_wconf 88' lang='lat' dir='ltr'><strong>hie</strong></span> <span class='ocrx_word' id='word_1_92' title='bbox 1206 1537 1338 1622; x_wconf 90' lang='lat' dir='ltr'><strong>quidem</strong></span> 
     </span>
     <span class='ocr_line' id='line_1_13' title="bbox 226 1635 1337 1724; baseline 0.001 -24"><span class='ocrx_word' id='word_1_93' title='bbox 226 1638 270 1701; x_wconf 90' lang='lat' dir='ltr'><strong>ad</strong></span> <span class='ocrx_word' id='word_1_94' title='bbox 291 1635 450 1700; x_wconf 86' lang='lat' dir='ltr'><strong>Meinekii</strong></span> <span class='ocrx_word' id='word_1_95' title='bbox 473 1636 667 1719; x_wconf 81' lang='lat' dir='ltr'><strong>sententiam</strong></span> <span class='ocrx_word' id='word_1_96' title='bbox 688 1635 888 1701; x_wconf 85' lang='lat' dir='ltr'><strong>fulciendam</strong></span> <span class='ocrx_word' id='word_1_97' title='bbox 910 1637 1087 1724; x_wconf 82' lang='lat' dir='ltr'><strong>quidquam</strong></span> <span class='ocrx_word' id='word_1_98' title='bbox 1109 1636 1209 1701; x_wconf 88' lang='lat' dir='ltr'><strong>habet</strong></span> <span class='ocrx_word' id='word_1_99' title='bbox 1230 1645 1337 1701; x_wconf 87' lang='lat' dir='ltr'><strong>aueto-</strong></span> 
     </span>
     <span class='ocr_line' id='line_1_14' title="bbox 227 1735 1336 1824; baseline 0.001 -25"><span class='ocrx_word' id='word_1_100' title='bbox 227 1737 349 1817; x_wconf 84' lang='lat' dir='ltr'><strong>ritatis‚</strong></span> <span class='ocrx_word' id='word_1_101' title='bbox 383 1758 456 1800; x_wconf 90' lang='lat' dir='ltr'><strong>cum</strong></span> <span class='ocrx_word' id='word_1_102' title='bbox 489 1735 628 1800; x_wconf 90' lang='lat' dir='ltr'><strong>eundem</strong></span> <span class='ocrx_word' id='word_1_103' title='bbox 658 1746 785 1802; x_wconf 86' lang='lat' dir='ltr'><strong>constet</strong></span> <span class='ocrx_word' id='word_1_104' title='bbox 817 1760 835 1802; x_wconf 89' lang='lat' dir='ltr'><strong>e</strong></span> <span class='ocrx_word' id='word_1_105' title='bbox 861 1738 1000 1824; x_wconf 85' lang='lat' dir='ltr'><strong>Didymi</strong></span> <span class='ocrx_word' id='word_1_106' title='bbox 1037 1738 1270 1802; x_wconf 90' lang='lat' dir='ltr'><strong>commentario</strong></span> <span class='ocrx_word' id='word_1_107' title='bbox 1304 1739 1336 1801; x_wconf 90' lang='lat' dir='ltr'><strong>in</strong></span> 
     </span>
     <span class='ocr_line' id='line_1_15' title="bbox 225 1836 1224 1923; baseline 0.004 -24"><span class='ocrx_word' id='word_1_108' title='bbox 225 1836 315 1901; x_wconf 91' lang='lat' dir='ltr'><strong>Ionis</strong></span> <span class='ocrx_word' id='word_1_109' title='bbox 334 1837 613 1921; x_wconf 85' lang='lat' dir='ltr'><strong>Agamemnonem</strong></span> <span class='ocrx_word' id='word_1_110' title='bbox 634 1838 772 1923; x_wconf 89' lang='lat' dir='ltr'><strong>petitum</strong></span> <span class='ocrx_word' id='word_1_111' title='bbox 793 1860 875 1903; x_wconf 84' lang='lat' dir='ltr'><strong>esse.</strong></span> <span class='ocrx_word' id='word_1_112' title='bbox 1222 1856 1224 1860; x_wconf 85' lang='grc'><em>·</em></span> 
     </span>
     <span class='ocr_line' id='line_1_16' title="bbox 312 1931 1335 2025; baseline 0.003 -24"><span class='ocrx_word' id='word_1_113' title='bbox 312 1938 410 2018; x_wconf 83' lang='lat' dir='ltr'><strong>Quod</strong></span> <span class='ocrx_word' id='word_1_114' title='bbox 428 1961 506 2003; x_wconf 87' lang='lat' dir='ltr'><strong>vero</strong></span> <span class='ocrx_word' id='word_1_115' title='bbox 527 1945 624 2024; x_wconf 88' lang='lat' dir='ltr'><strong>caput</strong></span> <span class='ocrx_word' id='word_1_116' title='bbox 645 1945 704 2019; x_wconf 83' lang='lat' dir='ltr'><strong>cst,</strong></span> <span class='ocrx_word' id='word_1_117' title='bbox 729 1931 961 2022; x_wconf 78' lang='grc' dir='ltr'><strong><em>ἆντεξηγήσεις</em></strong></span> <span class='ocrx_word' id='word_1_118' title='bbox 984 1939 1122 2025; x_wconf 89' lang='lat' dir='ltr'><strong>Didymi</strong></span> <span class='ocrx_word' id='word_1_119' title='bbox 1141 1939 1182 2004; x_wconf 88' lang='lat' dir='ltr'><strong>ab</strong></span> <span class='ocrx_word' id='word_1_120' title='bbox 1205 1940 1335 2025; x_wconf 88' lang='lat' dir='ltr'><strong>Hesy-</strong></span> 
     </span>
     <span class='ocr_line' id='line_1_17' title="bbox 184 2038 1335 2126; baseline 0.006 -26"><span class='ocrx_word' id='word_1_121' title='bbox 184 2095 186 2100; x_wconf 83' lang='grc'>.</span> <span class='ocrx_word' id='word_1_122' title='bbox 226 2040 330 2122; x_wconf 82' lang='lat' dir='ltr'><strong>chio,</strong></span> <span class='ocrx_word' id='word_1_123' title='bbox 354 2041 446 2104; x_wconf 87' lang='lat' dir='ltr'><strong>ouius</strong></span> <span class='ocrx_word' id='word_1_124' title='bbox 467 2040 508 2103; x_wconf 90' lang='lat' dir='ltr'><strong>de</strong></span> <span class='ocrx_word' id='word_1_125' title='bbox 521 2038 666 2103; x_wconf 85' lang='lat' dir='ltr'><strong>sontibus</strong></span> <span class='ocrx_word' id='word_1_126' title='bbox 686 2040 764 2102; x_wconf 89' lang='lat' dir='ltr'><strong>satis</strong></span> <span class='ocrx_word' id='word_1_127' title='bbox 782 2049 918 2122; x_wconf 84' lang='lat' dir='ltr'><strong>constat,</strong></span> <span class='ocrx_word' id='word_1_128' title='bbox 936 2041 971 2103; x_wconf 93' lang='lat' dir='ltr'><strong>in</strong></span> <span class='ocrx_word' id='word_1_129' title='bbox 987 2050 1096 2126; x_wconf 89' lang='lat' dir='ltr'><strong>partes</strong></span> <span class='ocrx_word' id='word_1_130' title='bbox 1113 2043 1225 2106; x_wconf 88' lang='lat' dir='ltr'><strong>vocari</strong></span> <span class='ocrx_word' id='word_1_131' title='bbox 1247 2044 1335 2107; x_wconf 92' lang='lat' dir='ltr'><strong>haud</strong></span> 
     </span>
     <span class='ocr_line' id='line_1_18' title="bbox 226 2137 1335 2228; baseline 0.002 -22"><span class='ocrx_word' id='word_1_132' title='bbox 226 2141 322 2206; x_wconf 87' lang='lat' dir='ltr'><strong>facile</strong></span> <span class='ocrx_word' id='word_1_133' title='bbox 346 2142 506 2228; x_wconf 81' lang='lat' dir='ltr'><strong>quispiam</strong></span> <span class='ocrx_word' id='word_1_134' title='bbox 529 2138 746 2224; x_wconf 62' lang='lat' dir='ltr'><strong>credideris).</strong></span> <span class='ocrx_word' id='word_1_135' title='bbox 793 2140 859 2205; x_wconf 83' lang='lat' dir='ltr'><strong>Cur</strong></span> <span class='ocrx_word' id='word_1_136' title='bbox 887 2143 1028 2228; x_wconf 89' lang='lat' dir='ltr'><strong>denique</strong></span> <span class='ocrx_word' id='word_1_137' title='bbox 1049 2139 1125 2223; x_wconf 81' lang='grc' dir='ltr'><strong><em>περὶ</em></strong></span> <span class='ocrx_word' id='word_1_138' title='bbox 1135 2137 1237 2207; x_wconf 81' lang='grc' dir='ltr'><strong><em>Ἴωνα</em></strong></span> <span class='ocrx_word' id='word_1_139' title='bbox 1258 2146 1335 2208; x_wconf 87' lang='lat' dir='ltr'><strong>scri-</strong></span> 
     </span>
     <span class='ocr_line' id='line_1_19' title="bbox 224 2240 1369 2334; baseline 0.003 -28"><span class='ocrx_word' id='word_1_140' title='bbox 224 2242 339 2323; x_wconf 88' lang='lat' dir='ltr'><strong>bamus</strong></span> <span class='ocrx_word' id='word_1_141' title='bbox 367 2262 484 2306; x_wconf 86' lang='lat' dir='ltr'><strong>caussa</strong></span> <span class='ocrx_word' id='word_1_142' title='bbox 510 2263 576 2305; x_wconf 88' lang='lat' dir='ltr'><strong>non</strong></span> <span class='ocrx_word' id='word_1_143' title='bbox 604 2249 662 2304; x_wconf 89' lang='lat' dir='ltr'><strong>est.</strong></span> <span class='ocrx_word' id='word_1_144' title='bbox 708 2241 915 2327; x_wconf 83' lang='lat' dir='ltr'><strong>Scripserunt</strong></span> <span class='ocrx_word' id='word_1_145' title='bbox 934 2244 1020 2305; x_wconf 89' lang='lat' dir='ltr'><strong>enim</strong></span> <span class='ocrx_word' id='word_1_146' title='bbox 1037 2240 1227 2308; x_wconf 70' lang='lat' dir='ltr'><strong>veterescit</strong></span> <span class='ocrx_word' id='word_1_147' title='bbox 1251 2241 1335 2329; x_wconf 80' lang='grc' dir='ltr'><strong><em>πρὸς</em></strong></span> <span class='ocrx_word' id='word_1_148' title='bbox 1365 2319 1369 2334; x_wconf 88' lang='lat'><strong>.</strong></span> 
     </span>
     <span class='ocr_line' id='line_1_20' title="bbox 225 2337 1335 2430; baseline 0 -22"><span class='ocrx_word' id='word_1_149' title='bbox 225 2340 287 2408; x_wconf 86' lang='grc' dir='ltr'><strong>τὸν</strong></span> <span class='ocrx_word' id='word_1_150' title='bbox 307 2345 401 2407; x_wconf 75' lang='grc' dir='ltr'><strong><em>δεῖνα</em></strong></span> <span class='ocrx_word' id='word_1_151' title='bbox 422 2337 656 2425; x_wconf 80' lang='grc' dir='ltr'><strong><em>ὑπομνήματα,</em></strong></span> <span class='ocrx_word' id='word_1_152' title='bbox 674 2351 711 2405; x_wconf 87' lang='lat' dir='ltr'><strong>ut</strong></span> <span class='ocrx_word' id='word_1_153' title='bbox 727 2342 927 2430; x_wconf 88' lang='lat' dir='ltr'><strong>Porphyrius</strong></span> <span class='ocrx_word' id='word_1_154' title='bbox 944 2342 1096 2407; x_wconf 89' lang='lat' dir='ltr'><strong>laudatur</strong></span> <span class='ocrx_word' id='word_1_155' title='bbox 1111 2343 1148 2407; x_wconf 79' lang='grc' dir='ltr'><strong>ἐν</strong></span> <span class='ocrx_word' id='word_1_156' title='bbox 1163 2355 1233 2421; x_wconf 81' lang='grc' dir='ltr'><strong><em>τοῖς</em></strong></span> <span class='ocrx_word' id='word_1_157' title='bbox 1251 2341 1335 2426; x_wconf 77' lang='grc' dir='ltr'><strong><em>πρὸς</em></strong></span> 
     </span>
     <span class='ocr_line' id='line_1_21' title="bbox 225 2439 1330 2531; baseline 0.001 -22"><span class='ocrx_word' id='word_1_158' title='bbox 225 2442 287 2509; x_wconf 81' lang='grc' dir='ltr'><strong>τὸν</strong></span> <span class='ocrx_word' id='word_1_159' title='bbox 302 2447 442 2527; x_wconf 85' lang='grc' dir='ltr'><strong><em>Τίμαιον</em></strong></span> <span class='ocrx_word' id='word_1_160' title='bbox 454 2439 670 2526; x_wconf 84' lang='grc' dir='ltr'><strong><em>ὑπομνήμασι</em></strong></span> <span class='ocrx_word' id='word_1_161' title='bbox 682 2466 701 2506; x_wconf 93' lang='lat' dir='ltr'><strong>a</strong></span> <span class='ocrx_word' id='word_1_162' title='bbox 713 2444 812 2509; x_wconf 88' lang='lat' dir='ltr'><strong>schol.</strong></span> <span class='ocrx_word' id='word_1_163' title='bbox 825 2445 952 2508; x_wconf 90' lang='lat' dir='ltr'><strong>Platon.</strong></span> <span class='ocrx_word' id='word_1_164' title='bbox 965 2468 997 2531; x_wconf 91' lang='lat' dir='ltr'><strong>p.</strong></span> <span class='ocrx_word' id='word_1_165' title='bbox 1011 2447 1072 2508; x_wconf 87' lang='grc'><strong>438</strong></span> <span class='ocrx_word' id='word_1_166' title='bbox 1083 2445 1191 2508; x_wconf 90' lang='lat' dir='ltr'><strong>Bekk.</strong></span> <span class='ocrx_word' id='word_1_167' title='bbox 1207 2455 1239 2510; x_wconf 88' lang='lat' dir='ltr'><strong>et</strong></span> <span class='ocrx_word' id='word_1_168' title='bbox 1251 2446 1330 2510; x_wconf 92' lang='lat' dir='ltr'><strong>ibid.</strong></span> 
     </span>
     <span class='ocr_line' id='line_1_22' title="bbox 225 2540 1334 2629; baseline -0.002 -17"><span class='ocrx_word' id='word_1_169' title='bbox 225 2546 396 2624; x_wconf 81' lang='grc' dir='ltr'><strong><em>ἐπίσκεψις</em></strong></span> <span class='ocrx_word' id='word_1_170' title='bbox 421 2549 490 2609; x_wconf 72' lang='grc' dir='ltr'><strong>τῶν</strong></span> <span class='ocrx_word' id='word_1_171' title='bbox 516 2540 600 2628; x_wconf 82' lang='grc' dir='ltr'><strong><em>πρὸς</em></strong></span> <span class='ocrx_word' id='word_1_172' title='bbox 622 2542 804 2621; x_wconf 81' lang='grc' dir='ltr'><strong><em>Πλάτωνος</em></strong></span> <span class='ocrx_word' id='word_1_173' title='bbox 829 2549 968 2629; x_wconf 84' lang='grc' dir='ltr'><strong><em>Τίμαιον</em></strong></span> <span class='ocrx_word' id='word_1_174' title='bbox 996 2541 1056 2611; x_wconf 81' lang='grc' dir='ltr'><strong>ὑπ’</strong></span> <span class='ocrx_word' id='word_1_175' title='bbox 1084 2541 1334 2629; x_wconf 79' lang='grc' dir='ltr'><strong><em>Ἀριστοτέλους</em></strong></span> 
     </span>
     <span class='ocr_line' id='line_1_23' title="bbox 225 2640 1331 2733; baseline -0.001 -21"><span class='ocrx_word' id='word_1_176' title='bbox 225 2643 473 2732; x_wconf 79' lang='grc' dir='ltr'><strong><em>ἀντειρημένων</em></strong></span> <span class='ocrx_word' id='word_1_177' title='bbox 488 2640 731 2731; x_wconf 73' lang='grc' dir='ltr'><strong><em>(ἄντιῤῥήσεων</em></strong></span> <span class='ocrx_word' id='word_1_178' title='bbox 750 2646 879 2710; x_wconf 83' lang='lat' dir='ltr'><strong>Fabric.</strong></span> <span class='ocrx_word' id='word_1_179' title='bbox 899 2646 980 2712; x_wconf 92' lang='lat' dir='ltr'><strong>bibl.</strong></span> <span class='ocrx_word' id='word_1_180' title='bbox 1004 2648 1061 2712; x_wconf 82' lang='lat' dir='ltr'><strong>Gr.</strong></span> <span class='ocrx_word' id='word_1_181' title='bbox 1081 2646 1166 2711; x_wconf 88' lang='lat' dir='ltr'>VIII</span> <span class='ocrx_word' id='word_1_182' title='bbox 1188 2670 1220 2733; x_wconf 94' lang='lat' dir='ltr'><strong>p.</strong></span> <span class='ocrx_word' id='word_1_183' title='bbox 1242 2650 1331 2732; x_wconf 88' lang='grc'>531).</span> 
     </span>
     <span class='ocr_line' id='line_1_24' title="bbox 310 2746 1333 2835; baseline -0.002 -21"><span class='ocrx_word' id='word_1_184' title='bbox 310 2750 398 2831; x_wconf 78' lang='lat' dir='ltr'><strong>Quid</strong></span> <span class='ocrx_word' id='word_1_185' title='bbox 410 2749 512 2814; x_wconf 81' lang='lat' dir='ltr'><strong>vero?</strong></span> <span class='ocrx_word' id='word_1_186' title='bbox 535 2748 621 2835; x_wconf 92' lang='lat' dir='ltr'><strong>quod</strong></span> <span class='ocrx_word' id='word_1_187' title='bbox 633 2769 675 2810; x_wconf 92' lang='lat' dir='ltr'><strong>ne</strong></span> <span class='ocrx_word' id='word_1_188' title='bbox 689 2746 732 2811; x_wconf 89' lang='lat' dir='ltr'><strong>ad</strong></span> <span class='ocrx_word' id='word_1_189' title='bbox 744 2747 857 2812; x_wconf 85' lang='lat' dir='ltr'><strong>Ionem</strong></span> <span class='ocrx_word' id='word_1_190' title='bbox 872 2749 1004 2833; x_wconf 90' lang='lat' dir='ltr'><strong>quidem</strong></span> <span class='ocrx_word' id='word_1_191' title='bbox 1012 2749 1192 2834; x_wconf 89' lang='lat' dir='ltr'><strong>Didymum</strong></span> <span class='ocrx_word' id='word_1_192' title='bbox 1212 2749 1253 2812; x_wconf 87' lang='lat' dir='ltr'><strong>de</strong></span> <span class='ocrx_word' id='word_1_193' title='bbox 1267 2771 1333 2812; x_wconf 88' lang='lat' dir='ltr'><strong>ma·</strong></span> 
     </span>
     <span class='ocr_line' id='line_1_25' title="bbox 223 2849 1333 2937; baseline -0.003 -20"><span class='ocrx_word' id='word_1_194' title='bbox 223 2851 344 2937; x_wconf 88' lang='lat' dir='ltr'><strong>gadide</strong></span> <span class='ocrx_word' id='word_1_195' title='bbox 373 2851 567 2914; x_wconf 86' lang='lat' dir='ltr'><strong>sententiam</strong></span> <span class='ocrx_word' id='word_1_196' title='bbox 594 2849 785 2934; x_wconf 86' lang='lat' dir='ltr'><strong>exposuisse</strong></span> <span class='ocrx_word' id='word_1_197' title='bbox 814 2857 937 2913; x_wconf 90' lang='lat' dir='ltr'><strong>certum</strong></span> <span class='ocrx_word' id='word_1_198' title='bbox 963 2858 1021 2913; x_wconf 89' lang='lat' dir='ltr'><strong>est.</strong></span> <span class='ocrx_word' id='word_1_199' title='bbox 1065 2850 1172 2914; x_wconf 90' lang='lat' dir='ltr'><strong>Huius</strong></span> <span class='ocrx_word' id='word_1_200' title='bbox 1196 2850 1333 2914; x_wconf 86' lang='lat' dir='ltr'><strong>enimsi</strong></span> 
     </span>
     <span class='ocr_line' id='line_1_26' title="bbox 223 2943 1331 3036; baseline -0.002 -19"><span class='ocrx_word' id='word_1_201' title='bbox 223 2953 325 3018; x_wconf 88' lang='lat' dir='ltr'><strong>verba</strong></span> <span class='ocrx_word' id='word_1_202' title='bbox 353 2959 462 3016; x_wconf 86' lang='lat' dir='ltr'><strong>essent</strong></span> <span class='ocrx_word' id='word_1_203' title='bbox 491 2950 659 3031; x_wconf 90' lang='lat' dir='ltr'><strong>continua,</strong></span> <span class='ocrx_word' id='word_1_204' title='bbox 693 2971 775 3035; x_wconf 89' lang='lat' dir='ltr'><strong>quae</strong></span> <span class='ocrx_word' id='word_1_205' title='bbox 800 2958 874 3034; x_wconf 89' lang='lat' dir='ltr'><strong>post</strong></span> <span class='ocrx_word' id='word_1_206' title='bbox 902 2943 1138 3033; x_wconf 78' lang='grc' dir='ltr'><strong><em>ὑπερτελείους</em></strong></span> <span class='ocrx_word' id='word_1_207' title='bbox 1167 2951 1331 3036; x_wconf 85' lang='lat' dir='ltr'><strong>leguntur,</strong></span> 
     </span>
     <span class='ocr_line' id='line_1_27' title="bbox 223 3040 1386 3134; baseline -0.002 -16"><span class='ocrx_word' id='word_1_208' title='bbox 223 3054 412 3118; x_wconf 89' lang='lat' dir='ltr'><strong>Athenaeus</strong></span> <span class='ocrx_word' id='word_1_209' title='bbox 434 3053 599 3116; x_wconf 80' lang='grc' dir='ltr'><strong><em>ἐλλείπειν</em></strong></span> <span class='ocrx_word' id='word_1_210' title='bbox 621 3040 685 3115; x_wconf 78' lang='grc' dir='ltr'><strong>οὖν</strong></span> <span class='ocrx_word' id='word_1_211' title='bbox 708 3053 779 3114; x_wconf 75' lang='grc' dir='ltr'><strong><em>δεῖν</em></strong></span> <span class='ocrx_word' id='word_1_212' title='bbox 801 3050 948 3134; x_wconf 85' lang='lat' dir='ltr'><strong>dixisset,</strong></span> <span class='ocrx_word' id='word_1_213' title='bbox 971 3053 1036 3117; x_wconf 86' lang='lat' dir='ltr'><strong>nisi</strong></span> <span class='ocrx_word' id='word_1_214' title='bbox 1050 3052 1156 3134; x_wconf 86' lang='lat' dir='ltr'><strong>fallor,</strong></span> <span class='ocrx_word' id='word_1_215' title='bbox 1178 3074 1245 3115; x_wconf 93' lang='lat' dir='ltr'><strong>non</strong></span> <span class='ocrx_word' id='word_1_216' title='bbox 1265 3054 1330 3116; x_wconf 75' lang='lat' dir='ltr'><strong>dei:</strong></span> <span class='ocrx_word' id='word_1_217' title='bbox 1384 3067 1386 3080; x_wconf 79' lang='lat'>¹</span> 
     </span>
     <span class='ocr_line' id='line_1_28' title="bbox 223 3151 1332 3240; baseline -0.001 -23"><span class='ocrx_word' id='word_1_218' title='bbox 223 3155 372 3240; x_wconf 90' lang='lat' dir='ltr'><strong>quamvis</strong></span> <span class='ocrx_word' id='word_1_219' title='bbox 397 3174 463 3215; x_wconf 92' lang='lat' dir='ltr'><strong>non</strong></span> <span class='ocrx_word' id='word_1_220' title='bbox 491 3153 552 3216; x_wconf 90' lang='lat' dir='ltr'><strong>sim</strong></span> <span class='ocrx_word' id='word_1_221' title='bbox 577 3153 706 3216; x_wconf 88' lang='lat' dir='ltr'><strong>nescius</strong></span> <span class='ocrx_word' id='word_1_222' title='bbox 730 3152 770 3215; x_wconf 91' lang='lat' dir='ltr'><strong>de</strong></span> <span class='ocrx_word' id='word_1_223' title='bbox 796 3151 832 3215; x_wconf 80' lang='grc' dir='ltr'><strong>τέ</strong></span> <span class='ocrx_word' id='word_1_224' title='bbox 852 3155 1085 3218; x_wconf 75' lang='lat' dir='ltr'><strong>&#39;coniunctione</strong></span> <span class='ocrx_word' id='word_1_225' title='bbox 1107 3154 1332 3239; x_wconf 79' lang='lat' dir='ltr'><strong>quaestionem</strong></span> 
     </span>
     <span class='ocr_line' id='line_1_29' title="bbox 222 3251 1331 3340; baseline 0.001 -23"><span class='ocrx_word' id='word_1_226' title='bbox 222 3254 347 3317; x_wconf 91' lang='lat' dir='ltr'><strong>moveri</strong></span> <span class='ocrx_word' id='word_1_227' title='bbox 369 3253 467 3317; x_wconf 88' lang='lat' dir='ltr'><strong>etiam</strong></span> <span class='ocrx_word' id='word_1_228' title='bbox 488 3251 584 3333; x_wconf 88' lang='lat' dir='ltr'><strong>alibi,</strong></span> <span class='ocrx_word' id='word_1_229' title='bbox 608 3273 635 3314; x_wconf 89' lang='lat' dir='ltr'><strong>e.</strong></span> <span class='ocrx_word' id='word_1_230' title='bbox 658 3274 690 3335; x_wconf 89' lang='lat' dir='ltr'><strong>g.</strong></span> <span class='ocrx_word' id='word_1_231' title='bbox 712 3253 746 3314; x_wconf 90' lang='lat' dir='ltr'><strong>in</strong></span> <span class='ocrx_word' id='word_1_232' title='bbox 768 3251 907 3336; x_wconf 86' lang='lat' dir='ltr'><strong>scholio,</strong></span> <span class='ocrx_word' id='word_1_233' title='bbox 933 3254 1071 3320; x_wconf 89' lang='lat' dir='ltr'><strong>fortasse</strong></span> <span class='ocrx_word' id='word_1_234' title='bbox 1091 3254 1268 3340; x_wconf 76' lang='lat' dir='ltr'><strong>Didymeo,</strong></span> <span class='ocrx_word' id='word_1_235' title='bbox 1289 3255 1331 3318; x_wconf 90' lang='lat' dir='ltr'><strong>ad</strong></span> 
     </span>
     <span class='ocr_line' id='line_1_30' title="bbox 222 3350 1329 3437; baseline 0.003 -20"><span class='ocrx_word' id='word_1_236' title='bbox 222 3355 301 3418; x_wconf 84' lang='lat' dir='ltr'><strong>Eur.</strong></span> <span class='ocrx_word' id='word_1_237' title='bbox 315 3354 438 3418; x_wconf 91' lang='lat' dir='ltr'><strong>Phoen.</strong></span> <span class='ocrx_word' id='word_1_238' title='bbox 451 3358 491 3416; x_wconf 83' lang='lat'><strong>47</strong></span> <span class='ocrx_word' id='word_1_239' title='bbox 504 3351 569 3418; x_wconf 88' lang='lat' dir='ltr'><strong>vol.</strong></span> <span class='ocrx_word' id='word_1_240' title='bbox 583 3350 614 3414; x_wconf 90' lang='lat' dir='ltr'>V</span> <span class='ocrx_word' id='word_1_241' title='bbox 628 3374 660 3437; x_wconf 91' lang='lat' dir='ltr'><strong>p.</strong></span> <span class='ocrx_word' id='word_1_242' title='bbox 681 3355 717 3415; x_wconf 87' lang='grc'><strong>19</strong></span> <span class='ocrx_word' id='word_1_243' title='bbox 728 3352 843 3416; x_wconf 88' lang='lat' dir='ltr'><strong>Matth.</strong></span> <span class='ocrx_word' id='word_1_244' title='bbox 869 3353 921 3417; x_wconf 79' lang='lat' dir='ltr'><strong>Of.</strong></span> <span class='ocrx_word' id='word_1_245' title='bbox 945 3354 1113 3418; x_wconf 89' lang='lat' dir='ltr'><strong>Mahnium</strong></span> <span class='ocrx_word' id='word_1_246' title='bbox 1127 3354 1167 3419; x_wconf 94' lang='lat' dir='ltr'><strong>de</strong></span> <span class='ocrx_word' id='word_1_247' title='bbox 1181 3356 1329 3420; x_wconf 86' lang='lat' dir='ltr'><strong>Aristox.</strong></span> 
     </span>
    </p>
   </div>
   <div class='ocr_carea' id='block_1_3' title="bbox 222 3453 1330 3543">
    <p class='ocr_par' dir='ltr' id='par_1_3' title="bbox 222 3453 1330 3543">
     <span class='ocr_line' id='line_1_31' title="bbox 222 3453 1330 3543; baseline 0.002 -25"><span class='ocrx_word' id='word_1_248' title='bbox 222 3453 354 3522; x_wconf 79' lang='lat' dir='ltr'><strong>Terent.</strong></span> <span class='ocrx_word' id='word_1_249' title='bbox 372 3480 405 3543; x_wconf 92' lang='lat' dir='ltr'><strong>p.</strong></span> <span class='ocrx_word' id='word_1_250' title='bbox 428 3459 498 3523; x_wconf 87' lang='grc'><strong>136.</strong></span> <span class='ocrx_word' id='word_1_251' title='bbox 528 3454 600 3517; x_wconf 89' lang='lat' dir='ltr'><strong>Iam</strong></span> <span class='ocrx_word' id='word_1_252' title='bbox 622 3475 701 3518; x_wconf 87' lang='lat' dir='ltr'><strong>vero</strong></span> <span class='ocrx_word' id='word_1_253' title='bbox 723 3454 953 3540; x_wconf 89' lang='lat' dir='ltr'><strong>quaerentibus</strong></span> <span class='ocrx_word' id='word_1_254' title='bbox 966 3477 1019 3519; x_wconf 83' lang='lat' dir='ltr'><strong>ex</strong></span> <span class='ocrx_word' id='word_1_255' title='bbox 1034 3478 1096 3538; x_wconf 83' lang='lat' dir='ltr'><strong>me,</strong></span> <span class='ocrx_word' id='word_1_256' title='bbox 1119 3456 1176 3521; x_wconf 93' lang='lat' dir='ltr'><strong>ubi</strong></span> <span class='ocrx_word' id='word_1_257' title='bbox 1198 3458 1330 3522; x_wconf 87' lang='lat' dir='ltr'><strong>tandem</strong></span> 
     </span>
    </p>
   </div>
   <div class='ocr_carea' id='block_1_4' title="bbox 190 3667 1329 4343">
    <p class='ocr_par' dir='ltr' id='par_1_4' title="bbox 190 3667 1329 4343">
     <span class='ocr_line' id='line_1_32' title="bbox 290 3667 1329 3748; baseline 0 -16"><span class='ocrx_word' id='word_1_258' title='bbox 290 3677 319 3743; x_wconf 93' lang='grc'><strong>1)</strong></span> <span class='ocrx_word' id='word_1_259' title='bbox 344 3684 395 3747; x_wconf 88' lang='lat' dir='ltr'><strong>Ap.</strong></span> <span class='ocrx_word' id='word_1_260' title='bbox 420 3680 541 3746; x_wconf 90' lang='lat' dir='ltr'><strong>Hesych.</strong></span> <span class='ocrx_word' id='word_1_261' title='bbox 566 3696 594 3731; x_wconf 83' lang='lat' dir='ltr'><strong>v.</strong></span> <span class='ocrx_word' id='word_1_262' title='bbox 619 3675 778 3742; x_wconf 73' lang='lat' dir='ltr'><strong>Nbppuiov</strong></span> <span class='ocrx_word' id='word_1_263' title='bbox 801 3667 894 3742; x_wconf 72' lang='grc' dir='ltr'><strong><em>ὄχθον</em></strong></span> <span class='ocrx_word' id='word_1_264' title='bbox 917 3696 1012 3732; x_wconf 88' lang='lat' dir='ltr'><strong>vereor</strong></span> <span class='ocrx_word' id='word_1_265' title='bbox 1036 3698 1071 3732; x_wconf 91' lang='lat' dir='ltr'><strong>ne</strong></span> <span class='ocrx_word' id='word_1_266' title='bbox 1093 3683 1205 3748; x_wconf 87' lang='lat' dir='ltr'><strong>Didymi</strong></span> <span class='ocrx_word' id='word_1_267' title='bbox 1232 3699 1329 3734; x_wconf 85' lang='lat' dir='ltr'><strong>nomon</strong></span> 
     </span>
     <span class='ocr_line' id='line_1_33' title="bbox 219 3761 1328 3842; baseline 0.002 -26"><span class='ocrx_word' id='word_1_268' title='bbox 219 3766 323 3818; x_wconf 80' lang='lat' dir='ltr'><strong>infelici</strong></span> <span class='ocrx_word' id='word_1_269' title='bbox 342 3768 499 3817; x_wconf 87' lang='lat' dir='ltr'><strong>coniectura</strong></span> <span class='ocrx_word' id='word_1_270' title='bbox 520 3769 655 3818; x_wconf 90' lang='lat' dir='ltr'><strong>intrusum</strong></span> <span class='ocrx_word' id='word_1_271' title='bbox 680 3766 715 3815; x_wconf 91' lang='lat' dir='ltr'><strong>sit</strong></span> <span class='ocrx_word' id='word_1_272' title='bbox 742 3781 759 3815; x_wconf 91' lang='lat' dir='ltr'><strong>a</strong></span> <span class='ocrx_word' id='word_1_273' title='bbox 776 3765 914 3816; x_wconf 88' lang='lat' dir='ltr'><strong>Meinekio</strong></span> <span class='ocrx_word' id='word_1_274' title='bbox 931 3766 951 3817; x_wconf 90' lang='lat' dir='ltr'><strong>l.</strong></span> <span class='ocrx_word' id='word_1_275' title='bbox 970 3767 988 3818; x_wconf 91' lang='lat' dir='ltr'><strong>l.</strong></span> <span class='ocrx_word' id='word_1_276' title='bbox 1012 3783 1060 3832; x_wconf 90' lang='lat' dir='ltr'><strong>pro</strong></span> <span class='ocrx_word' id='word_1_277' title='bbox 1077 3761 1218 3842; x_wconf 74' lang='lat' dir='ltr'><strong>aquriv.</strong></span> <span class='ocrx_word' id='word_1_278' title='bbox 1254 3770 1328 3833; x_wconf 85' lang='lat' dir='ltr'><strong>Lego</strong></span> 
     </span>
     <span class='ocr_line' id='line_1_34' title="bbox 220 3844 1329 3917; baseline 0.001 -17"><span class='ocrx_word' id='word_1_279' title='bbox 220 3844 259 3910; x_wconf 80' lang='grc' dir='ltr'><strong>οί,</strong></span> <span class='ocrx_word' id='word_1_280' title='bbox 266 3844 297 3900; x_wconf 75' lang='grc' dir='ltr'><strong>δὲ</strong></span> <span class='ocrx_word' id='word_1_281' title='bbox 317 3848 383 3917; x_wconf 76' lang='grc' dir='ltr'><strong><em>περὶ</em></strong></span> <span class='ocrx_word' id='word_1_282' title='bbox 395 3846 552 3917; x_wconf 79' lang='grc' dir='ltr'><strong><em>Πολέμωνα</em></strong></span> <span class='ocrx_word' id='word_1_283' title='bbox 562 3881 595 3890; x_wconf 90' lang='lat'><strong>—-</strong></span> <span class='ocrx_word' id='word_1_284' title='bbox 605 3846 771 3903; x_wconf 79' lang='grc' dir='ltr'><strong><em>οἶκοιίοοσιν.</em></strong></span> <span class='ocrx_word' id='word_1_285' title='bbox 793 3851 947 3902; x_wconf 90' lang='lat' dir='ltr'><strong>Polemonis</strong></span> <span class='ocrx_word' id='word_1_286' title='bbox 966 3853 1100 3904; x_wconf 85' lang='lat' dir='ltr'><strong>Arcadica</strong></span> <span class='ocrx_word' id='word_1_287' title='bbox 1118 3858 1273 3904; x_wconf 87' lang='lat' dir='ltr'><strong>antestatur</strong></span> <span class='ocrx_word' id='word_1_288' title='bbox 1283 3854 1329 3904; x_wconf 90' lang='lat' dir='ltr'><strong>Di.</strong></span> 
     </span>
     <span class='ocr_line' id='line_1_35' title="bbox 219 3936 1328 4005; baseline 0.001 -19"><span class='ocrx_word' id='word_1_289' title='bbox 219 3937 325 4003; x_wconf 79' lang='lat' dir='ltr'><strong>dymno,</strong></span> <span class='ocrx_word' id='word_1_290' title='bbox 345 3939 422 3988; x_wconf 90' lang='lat' dir='ltr'><strong>cuius</strong></span> <span class='ocrx_word' id='word_1_291' title='bbox 440 3936 527 3990; x_wconf 82' lang='lat' dir='ltr'><strong>lexico</strong></span> <span class='ocrx_word' id='word_1_292' title='bbox 546 3941 651 4005; x_wconf 84' lang='lat' dir='ltr'><strong>tragico</strong></span> <span class='ocrx_word' id='word_1_293' title='bbox 665 3938 738 3988; x_wconf 87' lang='lat' dir='ltr'><strong>hunc</strong></span> <span class='ocrx_word' id='word_1_294' title='bbox 755 3953 861 4002; x_wconf 90' lang='lat' dir='ltr'><strong>quoque</strong></span> <span class='ocrx_word' id='word_1_295' title='bbox 879 3938 969 3988; x_wconf 90' lang='lat' dir='ltr'><strong>locum</strong></span> <span class='ocrx_word' id='word_1_296' title='bbox 988 3937 1070 3989; x_wconf 80' lang='lat' dir='ltr'><strong>debet</strong></span> <span class='ocrx_word' id='word_1_297' title='bbox 1087 3940 1251 4005; x_wconf 88' lang='lat' dir='ltr'><strong>Hesychius.</strong></span> <span class='ocrx_word' id='word_1_298' title='bbox 1280 3937 1328 3988; x_wconf 84' lang='lat' dir='ltr'><strong>Co-</strong></span> 
     </span>
     <span class='ocr_line' id='line_1_36' title="bbox 218 4013 1329 4093; baseline -0.001 -21"><span class='ocrx_word' id='word_1_299' title='bbox 218 4028 307 4073; x_wconf 83' lang='lat' dir='ltr'><strong>terum</strong></span> <span class='ocrx_word' id='word_1_300' title='bbox 325 4027 353 4073; x_wconf 86' lang='lat' dir='ltr'><strong>ot</strong></span> <span class='ocrx_word' id='word_1_301' title='bbox 371 4014 489 4087; x_wconf 82' lang='grc' dir='ltr'><strong><em>Γλνφοίς</em></strong></span> <span class='ocrx_word' id='word_1_302' title='bbox 509 4023 669 4093; x_wconf 85' lang='grc' dir='ltr'><strong><em>(Γλνφεῖον</em></strong></span> <span class='ocrx_word' id='word_1_303' title='bbox 688 4028 715 4073; x_wconf 86' lang='lat' dir='ltr'><strong>et</strong></span> <span class='ocrx_word' id='word_1_304' title='bbox 733 4022 853 4087; x_wconf 86' lang='grc' dir='ltr'><strong><em>Γννφαί</em></strong></span> <span class='ocrx_word' id='word_1_305' title='bbox 864 4024 996 4090; x_wconf 87' lang='lat' dir='ltr'><strong>Hesyoh.)</strong></span> <span class='ocrx_word' id='word_1_306' title='bbox 1017 4030 1045 4074; x_wconf 79' lang='lat' dir='ltr'><strong>et</strong></span> <span class='ocrx_word' id='word_1_307' title='bbox 1057 4022 1216 4090; x_wconf 81' lang='grc' dir='ltr'><strong><em>Νυμφαῖον</em></strong></span> <span class='ocrx_word' id='word_1_308' title='bbox 1234 4013 1329 4088; x_wconf 74' lang='grc' dir='ltr'><strong><em>ὄχθον</em></strong></span> 
     </span>
     <span class='ocr_line' id='line_1_37' title="bbox 218 4108 1327 4175; baseline 0.003 -20"><span class='ocrx_word' id='word_1_309' title='bbox 218 4108 247 4157; x_wconf 91' lang='lat' dir='ltr'><strong>in</strong></span> <span class='ocrx_word' id='word_1_310' title='bbox 265 4108 353 4158; x_wconf 79' lang='lat' dir='ltr'><strong>Curtii</strong></span> <span class='ocrx_word' id='word_1_311' title='bbox 370 4109 609 4174; x_wconf 85' lang='lat' dir='ltr'><strong>Peloponnesiacis</strong></span> <span class='ocrx_word' id='word_1_312' title='bbox 628 4110 730 4158; x_wconf 79' lang='lat' dir='ltr'><strong>frustra</strong></span> <span class='ocrx_word' id='word_1_313' title='bbox 751 4110 884 4174; x_wconf 85' lang='lat' dir='ltr'><strong>quaesivi.</strong></span> <span class='ocrx_word' id='word_1_314' title='bbox 921 4111 1013 4160; x_wconf 90' lang='lat' dir='ltr'><strong>Habet</strong></span> <span class='ocrx_word' id='word_1_315' title='bbox 1037 4113 1181 4175; x_wconf 90' lang='lat' dir='ltr'><strong>utrumqne</strong></span> <span class='ocrx_word' id='word_1_316' title='bbox 1203 4109 1327 4160; x_wconf 83' lang='lat' dir='ltr'><strong>Mueller.</strong></span> 
     </span>
     <span class='ocr_line' id='line_1_38' title="bbox 216 4177 1327 4262; baseline 0 -21"><span class='ocrx_word' id='word_1_317' title='bbox 216 4192 282 4242; x_wconf 91' lang='lat' dir='ltr'><strong>Dor.</strong></span> <span class='ocrx_word' id='word_1_318' title='bbox 299 4193 328 4242; x_wconf 98' lang='lat' dir='ltr'><strong>II</strong></span> <span class='ocrx_word' id='word_1_319' title='bbox 346 4210 372 4258; x_wconf 91' lang='lat' dir='ltr'><strong>p.</strong></span> <span class='ocrx_word' id='word_1_320' title='bbox 385 4195 445 4247; x_wconf 75' lang='lat'><strong>443.</strong></span> <span class='ocrx_word' id='word_1_321' title='bbox 464 4197 595 4244; x_wconf 84' lang='lat' dir='ltr'><strong>Fortasse</strong></span> <span class='ocrx_word' id='word_1_322' title='bbox 614 4177 662 4258; x_wconf 83' lang='lat' dir='ltr'><strong>pro</strong></span> <span class='ocrx_word' id='word_1_323' title='bbox 680 4187 830 4258; x_wconf 71' lang='grc' dir='ltr'><strong><em>λεγομένας</em></strong></span> <span class='ocrx_word' id='word_1_324' title='bbox 848 4187 966 4260; x_wconf 74' lang='grc' dir='ltr'><strong><em>Γλοφοὶς</em></strong></span> <span class='ocrx_word' id='word_1_325' title='bbox 979 4191 1132 4262; x_wconf 75' lang='lat' dir='ltr'><strong>Hesycths</strong></span> <span class='ocrx_word' id='word_1_326' title='bbox 1144 4195 1232 4245; x_wconf 88' lang='lat' dir='ltr'><strong>voluit</strong></span> <span class='ocrx_word' id='word_1_327' title='bbox 1250 4193 1327 4243; x_wconf 87' lang='grc' dir='ltr'><strong><em>λεον-</em></strong></span> 
     </span>
     <span class='ocr_line' id='line_1_39' title="bbox 190 4270 1122 4343; baseline 0.013 -22"><span class='ocrx_word' id='word_1_328' title='bbox 190 4309 192 4321; x_wconf 95' lang='grc'>.</span> <span class='ocrx_word' id='word_1_329' title='bbox 215 4273 295 4334; x_wconf 71' lang='grc' dir='ltr'><strong><em>τείας·</em></strong></span> <span class='ocrx_word' id='word_1_330' title='bbox 309 4270 427 4341; x_wconf 68' lang='lat' dir='ltr'><strong>pinquis,</strong></span> <span class='ocrx_word' id='word_1_331' title='bbox 445 4279 516 4330; x_wconf 85' lang='lat' dir='ltr'><strong>conf.</strong></span> <span class='ocrx_word' id='word_1_332' title='bbox 533 4272 675 4336; x_wconf 80' lang='grc' dir='ltr'><strong><em>λεόντειος</em></strong></span> <span class='ocrx_word' id='word_1_333' title='bbox 694 4271 793 4343; x_wconf 74' lang='grc' dir='ltr'><strong><em>κόρος.</em></strong></span> <span class='ocrx_word' id='word_1_334' title='bbox 1119 4307 1122 4314; x_wconf 41' lang='lat'><em>¹</em></span> 
     </span>
    </p>
   </div>
   <div class='ocr_carea' id='block_1_5' title="bbox 0 0 1438 4882">
    <p class='ocr_par' dir='ltr' id='par_1_5' title="bbox 0 0 1438 4882">
     <span class='ocr_line' id='line_1_40' title="bbox 0 0 1438 4882; baseline 0 5"><span class='ocrx_word' id='word_1_335' title='bbox 0 0 1438 4882; x_wconf 95' lang='lat' dir='ltr'><strong> </strong></span> 
     </span>
    </p>
   </div>
  </div>
 </body>
</html>
