2752 4890
1218 381 1259 444 83

118 551 271 637 ¹piarum
299 548 406 612 fontes
435 545 637 611 numeranda
661 568 749 628 esse,
779 567 973 632 quamquam
995 547 1142 629 nescius,
1173 569 1258 614 com-

140 673 272 716 munem
289 651 468 735 utriusque,
491 647 599 712 Photii
621 649 755 736 inquam
774 645 1008 734 Hesychiiqne,
1030 647 1154 712 fontem
1175 648 1255 714 Dio-

141 754 319 837 genianum
347 749 450 814 finisse
479 748 521 813 ab
547 755 685 835 utroque
715 747 853 812 candide
880 748 1058 840 laudatum.
1103 747 1257 814 Ceterum

141 853 203 918 hoc
224 851 325 916 velim
348 872 413 932 eos,
436 849 553 938 quibus
575 847 656 911 haec
680 849 788 913 studia
805 849 897 914 cordi
912 858 996 932 sunt,
1021 849 1169 932 monitos,
1190 871 1256 914 ma·

141 957 244 1020 iorem
270 953 306 1015 in
332 951 532 1017 considendo
560 949 676 1014 Photio
715 971 811 1038 quam
834 947 1001 1037 Hesychio
1023 943 1186 1019 cautelam*
1200 955 1255 1020 ad·

141 1053 318 1119 hibendam
338 1075 420 1136 esse,
438 1074 480 1116 ne
500 1074 559 1138 per
575 1050 818 1136 Diogenianum
841 1075 885 1118 ex
898 1053 979 1139 ipsis
996 1053 1133 1141 Didymi
1152 1057 1255 1142 copiis

142 1157 345 1242 suspicemur
373 1154 437 1218 huo
466 1153 603 1218 fluxisse
632 1151 759 1236 glossas
785 1154 952 1219 adunam
979 1149 1091 1220 omnes
1111 1157 1254 1241 tragicos

140 1265 254 1342 poetas
286 1258 490 1342 comicosque
509 1261 708 1340 spectantes,
736 1257 855 1342 quippe
877 1278 1014 1343 quarum
1036 1278 1102 1321 non
1121 1258 1255 1322 minima

139 1381 215 1444 pars
249 1357 312 1422 huc
341 1355 580 1441 immigraverit
612 1376 630 1418 e
664 1354 819 1441 Dionysii
851 1358 1098 1445 Pausaniaeque
1128 1356 1253 1441 lexicis,

140 1471 277 1545 quorum
305 1456 528 1524 conditoribus
554 1455 631 1520 licet
660 1457 767 1520 aditus
795 1459 838 1523 ad
863 1460 969 1545 ipsum
997 1458 1178 1548 Didymum
1198 1483 1253 1546 pa·

140 1561 281 1626 tefactus
306 1568 407 1640 esset,
434 1558 614 1642 Dionysius
642 1567 751 1622 tamen
778 1559 934 1626 Atticista
959 1570 1106 1626 nostrum
1131 1563 1179 1626 ita
1197 1563 1252 1628 ad·

140 1661 261 1745 hibuit,
289 1670 326 1726 ut
353 1682 470 1748 parcus
498 1661 568 1723 eius
595 1681 673 1723 usus
696 1661 880 1726 etiamnunc
900 1685 918 1725 e
938 1663 1131 1747 fragmentis
1153 1665 1252 1736 lexioi

139 1786 159 1828 a
181 1764 307 1828 Meiero
328 1767 458 1850 (comm.
481 1760 758 1842 Andocc.VI,1v
786 1784 817 1848 p.
837 1766 856 1828 3
875 1803 919 1814 —-
939 1787 972 1851 p.
993 1763 1046 1852 15)
1079 1768 1251 1853 compositi

140 1866 276 1948 eluceat,
297 1865 477 1928 Pausanias
500 1885 578 1928 vero
601 1863 745 1948 inspexit
763 1867 953 1950 saepissime
975 1867 1032 1953 (of.
1050 1868 1166 1932 Meier.
1181 1869 1201 1933 l.
1221 1891 1250 1934 c.

138 1989 169 2052 p.
196 1974 234 2032 17
262 1962 452 2048 ἅφλαστονς
480 1965 556 2030 add.
587 1965 761 2050 βρίκελοι).
806 1965 946 2032 Fallitur
976 1969 1076 2053 igitur
1107 1969 1250 2034 Meicrus

137 2088 168 2151 p.
192 2071 232 2131 30
264 2069 296 2130 in
325 2089 379 2151 eo,
407 2067 494 2154 quod
517 2069 644 2147 statuit,
674 2065 857 2131 Pausaniae
877 2066 1040 2132 thesauris
1061 2092 1154 2133 usum
1178 2091 1249 2134 esse

140 2168 341 2256 Hesychium
368 2191 394 2233 s.
415 2192 448 2233 v.
475 2165 656 2251 γρόνθων,
688 2165 821 2249 ἰδύους,
847 2166 1043 2252 ἐοργίζεται,
1064 2168 1248 2237 &seruituti

138 2266 242 2348 πτερά
273 2268 363 2352 aliis,
397 2270 443 2332 ita
469 2268 577 2354 potius
606 2288 658 2330 res
681 2276 868 2352 comparata
890 2275 955 2349 est,
980 2277 1030 2350 ut,
1059 2291 1155 2356 quem
1174 2292 1248 2334 oon-

138 2370 258 2434 sultum
287 2367 313 2432 a'
333 2392 368 2433 se
387 2368 569 2433 Pausanias
597 2367 776 2454 Didymum
799 2366 916 2432 Photio
934 2370 1082 2454 tradidit,
1109 2372 1248 2436 eundem

136 2470 346 2557 compilatum
365 2493 385 2534 a
399 2467 569 2556 Pamphilo
591 2469 730 2554 primum
746 2467 971 2553 Diogenianus
994 2471 1248 2560 Periergopene-

134 2574 221 2638 tibus
250 2575 318 2638 suis
347 2573 541 2653 intexuerit,
571 2571 690 2635 deinde
713 2570 897 2656 Hesychius
919 2572 1121 2661 Photiusque
1142 2579 1247 2660 magis

137 2680 235 2742 etiam
251 2677 439 2741 'breviatum
460 2697 519 2762 per
540 2675 783 2758 Diogenianum
805 2677 1000 2762 acceperint.
1031 2677 1104 2758 Quo
1125 2677 1247 2741 factum

136 2787 202 2863 est,
232 2789 269 2843 ut
292 2776 545 2865 aliquammultis
566 2777 647 2840 locis
669 2775 872 2861 Hesychiunr
893 2799 968 2843 cum
988 2779 1153 2845 Pausania
1172 2802 1248 2844 con-

136 2883 329 2945 sentientem
359 2879 598 2970 deprehendas,
626 2899 770 2964 veroque
794 2878 960 2944 simillima
982 2882 1024 2944 sit
1050 2882 1246 2964 coniectura,

135 3005 190 3046 eas
213 2983 351 3067 glossas,
375 3003 511 3068 quarum
530 2981 706 3067 explicatio
728 2983 858 3067 utrique
881 2985 1061 3048 communis
1084 2984 1136 3066 sit,
1154 2983 1270 3048 aDi··

135 3085 234 3171 dymo
256 3107 332 3148 esse
347 3084 523 3171 profectas.
557 3083 745 3176 Dionysius*
760 3104 838 3146 vero
862 3085 1056 3170 aliquotiens
1079 3086 1121 3150 ab
1141 3086 1247 3174 Hesy-

134 3185 207 3249 chio
236 3184 387 3248 laudatus
412 3185 567 3249 Atticista
594 3205 660 3248 non
687 3192 751 3266 est,
780 3194 817 3248 ut
834 3185 984 3270 opinatur
1004 3185 1147 3250 Meierus
1171 3185 1192 3249 l.
1216 3208 1244 3250 c.

134 3310 165 3373 p.
191 3290 243 3350 lb.
287 3287 467 3352 Verissime
489 3289 576 3350 enim
595 3285 809 3351 Schrewelius
830 3309 862 3372 p.
882 3289 940 3351 198
962 3287 1004 3352 ad
1022 3309 1054 3352 v.
1079 3285 1246 3372 βούτυρος

132 3389 269 3454 adnotat
296 3387 473 3472 ‘Intellege
495 3385 537 3452 de
551 3387 723 3474 Dionysio,
747 3390 802 3475 qui
826 3388 917 3452 dere
935 3386 1244 3474 herbariascripsit·

133 3490 218 3555 Plin.
240 3487 380 3554 XXV2
411 3489 557 3576 (Martin.
580 3512 612 3576 p.
638 3490 745 3572 209)ss
790 3488 882 3553 Idem
904 3490 993 3553 valet
1013 3490 1054 3555 de
1076 3485 1246 3576 ἀμβλῶ-

134 3611 217 3664 sves·
246 3585 405 3672 χαλβάνη.
429 3583 629 3669 Διονύσιος,
656 3589 813 3674 itemque,
835 3589 870 3650 ni
891 3587 1004 3670 fallor,
1027 3589 1068 3653 de
1090 3587 1193 3674 γύης
1214 3597 1246 3653 et

133 3683 303 3771 ὑγρίην,
331 3709 413 3774 quae
435 3687 641 3774 Pamphilum
668 3689 860 3775 apposuisse
880 3688 1038 3772 suspicor.
1090 3685 1158 3752 Sub
1189 3711 1244 3752 vv.

133 3790 295 3873 lorplm
326 3793 460 3853 κλισίαι.
490 3793 699 3871 canobellas
727 3787 814 3851 haud
836 3787 934 3852 dubie
955 3811 1039 3854 unus
1063 3811 1080 3852 e
1102 3790 1246 3853 maxima

132 3889 367 3978 Dionysiorum
384 3891 516 3956 cohorte
531 3891 692 3973 laudatur,
716 3891 772 3976 qui
790 3897 865 3952 ante
880 3889 1060 3976 Didymum
1078 3891 1243 3970 vixerunt.

132 3991 196 4059 Sub
213 4017 245 4059 v.
269 3988 408 4069 ὑάλικος
430 3993 570 4080 denique
587 4015 650 4058 ser.
673 3991 845 4067 ὅιονύσιος
867 3992 899 4055 h.
920 4015 947 4055 e.
973 3991 1148 4056 bacchicus
1168 3989 1248 4055 coll.‘

132 4097 324 4178 dpvcttix'u.
