2866 4882
213 358 275 420 358

216 520 399 602 machum')
441 517 703 584 Alexandrinum
746 523 778 580 et
818 514 988 580 Mnaseam
1019 515 1244 581 Patarensem
1276 541 1338 582 am-

215 625 332 712 plexus
352 623 499 704 videtur,
521 641 675 700 amorem,
698 617 739 682 de
762 615 881 703 quibus
904 616 1022 682 acerbe
1042 619 1181 704 quidem
1207 619 1268 684 sed
1288 643 1339 683 ve-

216 725 344 790 rissime
374 723 534 788 iudicavit
561 722 600 786 L.
629 718 795 782 Prellerus
824 718 947 782 Polem.
984 741 1016 804 p.
1047 722 1108 784 180
1142 730 1177 784 et
1200 722 1237 784 in
1260 722 1339 785 diar.

216 837 282 890 ant.
306 827 391 892 stud.
413 823 581 906 hiarburg.
608 823 689 884 1846
719 841 751 905 p.
775 823 848 883 676.
873 825 910 902 73
943 819 987 882 cf.
1018 821 1058 884 R.
1095 819 1276 885 Stiehlium
1309 822 1340 886 in

217 924 335 990 Philol.
355 924 403 988 IV
425 949 457 1012 p.
481 927 532 988 99.
559 925 630 986 110.
650 957 692 968 -
713 919 764 982 Ac
786 918 925 983 fortasse
944 919 1122 1006 Didymus,
1144 923 1182 985 in
1202 922 1340 988 historia

218 1025 359 1092 fabulari
387 1048 465 1110 prae
492 1025 609 1090 ceteris
639 1029 806 1102 versatus,
840 1028 953 1084 auctor
982 1030 1032 1084 est
1058 1021 1162 1087 schol.
1196 1024 1233 1086 in
1261 1023 1339 1087 Eur.

218 1125 306 1190 Med.
341 1129 416 1207 169,
450 1147 513 1213 quo
541 1121 749 1188 Timachidas
778 1121 997 1206 vituperatur,
1032 1122 1085 1186 ἐπὶ
1113 1117 1153 1186 τά
1176 1121 1341 1207 πρόχειρα

219 1230 322 1291 πᾶσιν
344 1227 509 1310 ἐνεχθείς,
543 1228 564 1290 i
587 1248 615 1289 e.
646 1223 734 1310 quod
760 1220 887 1286 fabulas
907 1220 1057 1286 omnibus
1079 1231 1178 1287 notas
1201 1226 1341 1348 tragico·

217 1351 288 1392 rum
310 1328 570 1413 interpretationi
590 1323 853 1390 accommodarit.
966 1377 972 1390 .

302 1429 502 1513 Fragmenta
529 1427 625 1491 huius
659 1424 766 1510 operis
792 1423 931 1487 fortasse
964 1422 1106 1508 plurima
1141 1425 1318 1491 latitant
1309 1450 1341 1490 ln

218 1539 273 1594 vet
260 1528 383 1594 teribus
399 1529 534 1592 Homeri
558 1526 693 1591 Pindari
718 1526 918 1610 tragicorum
933 1525 1171 1608 interpretibus
1189 1527 1339 1608 Graecia,

219 1630 337 1718 quibus
368 1631 510 1694 auctoris
541 1649 659 1692 nomen
691 1648 757 1691 non
787 1628 830 1690 sit
857 1627 1051 1712 appositum.
1100 1625 1224 1692 Certae
1252 1629 1340 1694 sedis
1402 1641 1404 1654 '

218 1731 300 1795 haec
320 1739 410 1794 sunt:
761 1817 774 1873 1

304 1931 426 2015 Georg.
447 1931 545 2017 Syne.
561 1953 593 2017 p.
613 1929 715 1993 162Α
729 1932 856 2010 ε396,
876 1930 895 1990 2
919 1929 970 1994 ed.
984 1928 1090 1992 Bonn.
1115 1930 1171 1994 καί
1196 1924 1239 1993 τά
1262 1931 1338 2013 περὶ

222 2030 376 2115 Δανάην,
399 2033 431 2109 ἐξ
454 2021 493 2114 ἧς
515 2027 532 2096 ὁ
556 2027 718 2113 Περσεύς.
742 2024 895 2113 Περσεάς
915 2026 974 2106 τάς
994 2033 1167 2112 στρατείας
1190 2031 1338 2096 ἐπετέλει

221 2134 276 2199 καὶ
305 2133 356 2198 ἐπὶ
380 2133 512 2212 Πέρσας
534 2130 744 2215 ἐστράτευσε,
767 2127 828 2214 τὴν
851 2130 887 2196 δὲ
908 2128 1062 2214 Γοργόνα
1083 2130 1338 2215 ἐκαρατόμησεν

221 2234 355 2316 ἑταίραν
379 2228 555 2316 εὔμορφον
577 2229 631 2296 διά
655 2230 800 2309 κάλλους
823 2232 1004 2310 ἐξιστῶσαν
1026 2228 1106 2308 τούς
1128 2231 1269 2316 θεατάς,
1294 2229 1338 2310 ὡς

219 2330 472 2400 ἀπολιθοῦσθαι
501 2336 624 2396 δοκεῖν.
669 2331 860 2418 Δίδυμός
890 2351 995 2452 φησιν
1026 2333 1071 2398 ἐν
1096 2335 1236 2430 ξένη
1222 2353 1339 2398 ιστο-

221 2441 287 2522 ρίᾳ
310 2435 363 2500 καί
385 2438 603 2516 παρατίθεται
620 2429 680 2498 τόν
702 2435 898 2519 συγγραφέα
921 2430 1053 2552 ταύτης.

199 2531 201 2534 ’
303 2539 426 2600 Rerum
447 2537 600 2619 scriptor,
630 2539 721 2600 cuius
752 2547 862 2602 noster
893 2537 1083 2622 apposuisse
1111 2537 1337 2602 testimonium

220 2639 355 2719 dicitur,
388 2637 422 2700 ni
444 2634 557 2716 fallor,
582 2634 773 2702 Herodorus
802 2638 879 2720 suit,
911 2637 954 2702 ef.
983 2637 1092 2701 Natal.
1116 2636 1211 2702 Com.
1232 2639 1336 2724 myth.

219 2764 251 2826 p.
264 2743 337 2820 935,
360 2759 555 2823 quamquam
578 2738 676 2800 etiarn
698 2738 889 2802 Alexander
907 2737 1064 2823 Myndius
1081 2737 1233 2802 Eudocia
1253 2749 1336 2802 teste

219 2863 250 2926 p.
265 2843 305 2902 50
330 2837 406 2919 περὶ
428 2835 600 2921 Γοργόνος
620 2839 761 2924 scripsit.
787 2836 870 2902 Cum
885 2837 946 2901 hoc
960 2837 1155 2922 fragmento,
1176 2841 1212 2901 ni
1227 2839 1336 2921 fallor,

219 2940 363 3004 cohaesit
384 2940 522 3004 altorum
545 2941 633 3026 apud
655 2938 854 3025 Stephanum
875 2938 956 3023 Byz.
980 2962 1011 3024 p.
1033 2942 1105 3022 459,
1127 2943 1165 3002 16
1186 2940 1334 3004 Meinek.

220 3043 407 3121 Δίδυμος
429 3035 460 3104 δ’
483 3035 561 3122 όρος
581 3039 643 3124 τὴν
657 3038 828 3121 Μυκάλην
843 3041 958 3122 φησίν,
980 3037 1051 3102 ἐπεὶ
1066 3040 1102 3103 αί
1114 3038 1229 3104 λοιπαί
1244 3043 1336 3121 Γορ-

220 3135 317 3220 γόνες
342 3137 395 3201 ἐπὶ
422 3137 509 3225 τόκῳ
535 3142 653 3227 (Rhed.
684 3142 756 3206 eod.
789 3139 1009 3222 ἐπιτοκεάντο,
1039 3137 1093 3204 ἐπ’
1117 3145 1220 3228 οἴκτῳ
1247 3141 1335 3205 coni.

219 3239 261 3302 A.
275 3237 431 3320 Meinek.,
455 3241 486 3303 εί
502 3237 663 3322 ἐπτόηντο
680 3243 726 3326 (εί
739 3238 923 3325 ἐπτόωντο)
947 3241 990 3304 A.
1003 3240 1158 3324 Nauck),
1175 3241 1334 3327 Stephan.

219 3363 271 3425 ap.
294 3338 444 3402 Eustath.
474 3341 501 3403 B
525 3345 587 3404 869
608 3363 639 3427 p.
664 3345 743 3422 368,
770 3344 810 3404 26
838 3341 891 3407 ἐπὶ
912 3345 973 3407 τοῦ
995 3337 1097 3424 ὅρους
1119 3339 1245 3407 τούτου
1268 3367 1335 3425 μυ-

220 3438 367 3524 κώμεναι
391 3437 453 3525 τὴν
480 3436 633 3524 κεφαλὴν
662 3437 844 3523 Μεδούσης
873 3437 1110 3508 ἀνεκαλοῦντο.
1156 3444 1211 3508 Ab
1234 3444 1334 3510 inter·
1384 3431 1390 3442 ⁴

219 3541 401 3627 pretatione
423 3543 555 3609 fabulae
578 3544 743 3630 Didymea
766 3564 831 3608 non
853 3542 1007 3608 abhorret
1023 3546 1158 3610 Lucian.
1182 3546 1224 3610 de
1246 3545 1333 3610 dom.

223 3647 260 3706 19
283 3643 347 3707 vol.
373 3644 426 3708 III
448 3669 481 3731 p.
505 3649 566 3710 313
588 3645 689 3727 Ιο6κ.,
720 3645 876 3731 quemad
897 3645 1003 3710 locum
1026 3668 1108 3732 quae
1131 3647 1256 3711 scholia
1278 3646 1335 3711 ad-

220 3753 334 3810 notant
354 3746 403 3809 IV
422 3769 454 3831 p.
477 3750 555 3828 239,
578 3769 616 3810 ea
634 3755 746 3831 aperte
768 3753 878 3811 nostro
900 3756 1034 3833 accepta
1055 3748 1202 3813 referunt
1223 3743 1277 3812 ὅτι
1300 3751 1337 3813 αί

220 3843 388 3929 Γοργόνες
409 3843 523 3911 κάλλει
552 3845 606 3911 καὶ
630 3841 798 3932 εὐμορφίᾳ
821 3846 992 3923 ἐξιστοῑσαι
1017 3849 1121 3912 οίονεὶ
1143 3843 1334 3914 άπελίθουν

220 3942 300 4023 τοὺς
322 3941 537 4026 ἀνθρώπους.
584 3948 635 4014 Os.
660 3948 794 4012 Bachm.
815 3949 952 4014 aneodd.
975 3950 1010 4013 ΙΙ
1030 3973 1062 4035 p.
1087 3953 1158 4033 321,
1183 3955 1221 4014 15
1244 3951 1332 4017 Plut.

290 4103 315 4169 l)
332 4105 446 4154 Praeter
465 4098 574 4154 νόστων
590 4106 673 4156 libros
692 4112 881 4172 composuerat
900 4107 1079 4172 Lysimachus
1098 4106 1181 4157 etiam
1199 4098 1333 4173 Θηβαϊκά

220 4181 422 4254 παράδοξα,
443 4207 512 4256 quae
529 4193 582 4242 huc
600 4193 729 4256 imprimis
742 4195 888 4257 pertinent.
909 4194 950 4244 Cf.
960 4195 1041 4244 Voss.
1053 4194 1118 4244 hist.
1126 4195 1173 4245 Gr.
1186 4211 1213 4259 p.
1222 4195 1274 4245 464
1287 4195 1331 4246 ed.

220 4274 364 4356 Westerm.
383 4277 461 4330 Giab.
482 4279 581 4346 Cuper.
599 4278 672 4330 obss.
691 4279 705 4330 Ι
723 4295 746 4331 o.
764 4280 803 4333 IV
822 4280 955 4334 Valcken.
975 4279 1060 4332 schol.
1078 4283 1143 4334 Eur.
1159 4297 1186 4348 p.
1200 4280 1233 4330 12
1247 4298 1274 4332 n.
1286 4282 1329 4334 38.
