2752 4890
1140 349 1181 413 99

44 513 46 516 ’
73 519 171 601 tote)
200 519 259 582 sed
286 541 327 582 ne
359 516 461 583 verbo
488 515 619 604 quidem
648 515 815 602 Hesychio
843 516 1011 582 breviores
1039 525 1114 580 sunt
1140 517 1182 582 ad

69 641 156 683 vers.
180 621 273 684 1313.

130 723 228 808 Ι(29)
270 723 351 787 Hes.
387 722 404 785 I
440 724 503 785 493
542 714 803 804 ἀπότροπον·
841 712 912 796 ότις
947 711 991 784 άν
1035 713 1183 803 ἀποτρά-

71 843 178 886 ποιτο.
212 827 393 909 Σοφοκλῆς
409 824 574 890 Οἰδίποδι.
598 821 723 886 Eadem
738 820 872 904 scholia,
888 822 952 886 nisi
968 819 1054 907 quod
1070 821 1183 905 legunt

71 917 306 1009 άποτρέψαιτο.

157 1027 273 1116 Itaque
298 1030 360 1094 hae
388 1028 517 1113 glossae
545 1049 597 1091 me
626 1026 735 1090 iudice
760 1024 802 1089 ad
832 1045 931 1089 unam
958 1045 1071 1089 omnes
1099 1025 1182 1088 ele-

71 1131 146 1194 xico
169 1129 307 1218 Didymi
331 1131 456 1215 tragico
477 1128 520 1193 ad
543 1127 745 1214 Hesychium
767 1135 1057 1214 permansuerunt3
1086 1129 1183 1192 inter·
1266 1175 1283 1182 -

70 1253 145 1318 pres
165 1232 404 1297 Laurentianus
424 1241 480 1295 aut
502 1231 646 1295 indidem
668 1232 808 1317 repetiit,
830 1239 867 1294 ut
888 1227 1006 1294 Tracb.
1026 1230 1104 1291 1161
1130 1226 1182 1292 El.

71 1335 124 1396 89.
146 1339 218 1417 451,
241 1344 297 1400 aut
317 1358 335 1398 e
353 1332 491 1420 Didymi
512 1334 752 1397 commentariis
772 1334 865 1396 eruit.
910 1331 995 1394 Nam
1017 1350 1090 1394 oum
1109 1349 1184 1393 oon·

72 1443 137 1498 stet
165 1458 208 1499 ex
238 1435 378 1522 epistula
406 1434 448 1498 ad
475 1433 652 1518 Eulogium
676 1436 870 1520 praemissa,
900 1431 1038 1519 Didymi
1059 1431 1183 1517 glossa-

70 1557 143 1600 rum
166 1539 364 1622 tragicarum
383 1536 582 1622 farraginem
611 1537 645 1600 in
666 1536 832 1623 Hesychio
855 1537 977 1616 inesse,
1005 1533 1183 1620 eademque

71 1659 138 1702 una
156 1659 231 1703 cum
253 1631 493 1704 commentariis
512 1639 546 1701 in
566 1636 758 1724 Sophoclem
772 1638 965 1724 conscriptis
983 1655 1079 1702 usum
1098 1636 1183 1701 Lau-

71 1742 256 1804 rentianum
284 1763 358 1805 esse
380 1742 605 1826 interpretem,
628 1761 803 1826 quaenam,
826 1748 962 1828 quaeso,
982 1736 1185 1826 probabilior

72 1842 148 1906 hinc
179 1844 381 1925 coniectura,
417 1863 514 1930 quam
547 1863 567 1905 a
597 1841 742 1928 Didymo
772 1852 903 1907 auctore
934 1838 1082 1927 proseuta
1112 1859 1184 1904 esse

73 1965 241 2030 quaequae
257 1943 448 2030 Hesychius
466 1965 539 2008 cum
569 1941 701 2008 scholiis
722 1943 822 2008 Laur.
847 1941 948 2009 habet
973 1941 1183 2006 communis?

75 2045 139 2108 Sed
169 2044 280 2131 plures
316 2047 414 2110 etiam
443 2053 617 2132 supersunt
648 2046 710 2110 loci
717 2095 726 2129 ‚
754 2045 930 2131 inquibus
956 2046 1183 2132 Diogenianus

73 2146 235 2233 Hesychii
258 2146 367 2212 Photii
394 2146 447 2210 all.
480 2169 554 2211 oum
577 2146 708 2212 scholiis
734 2149 924 2232 conspirans
944 2169 983 2212 eo
1015 2149 1122 2230 ducit,
1147 2157 1184 2214 ut

73 2237 211 2334 Didymi
244 2248 387 2334 vestigia
423 2249 577 2335 persequi
618 2250 790 2334 possimus.
851 2249 1106 2336 Auspicabimur
1141 2249 1183 2315 ab

74 2351 217 2432 Aiace,
239 2349 409 2434 vulgarem
433 2349 617 2415 fabularum
636 2351 785 2416 ordinem
804 2350 925 2415 abhinc
948 2358 1132 2438 sequentes.

159 2451 304 2536 Insignis
340 2451 431 2516 locus
463 2461 512 2516 est
546 2475 577 2515 v.
612 2454 653 2516 56
691 2447 828 2541 κύκλῳ
863 2451 1057 2536 όαχίζων·
1100 2447 1184 2518 κατὰ

75 2550 184 2618 πάντα
206 2549 314 2617 τόπον
335 2556 394 2636 τῆς
414 2549 585 2630 ἐπαύλεως
604 2551 809 2631 cridionensi
830 2550 1040 2619 διακόπτων·
1068 2549 1182 2618 διὰτὸ

73 2651 135 2737 τὴν
165 2649 302 2740 κρόκην
329 2653 384 2719 καὶ
411 2650 559 2738 μεγάλην
589 2653 757 2740 διακοπὴν
781 2651 864 2722 κατά
892 2653 989 2741 ῥάχιν
1016 2658 1183 2740 γίνεσθαι.

76 2755 112 2821 ἐκ
142 2757 335 2841 μεταφορᾶς
372 2756 427 2822 καλ
459 2751 539 2835 τοὺς
571 2754 698 2842 μεγάλα
724 2762 999 2844 κακουργοῦντας
1031 2755 1185 2842 texisses

76 2858 196 2943 φαμέν.
227 2861 272 2945 (p.
296 2859 355 2922 201
385 2857 515 2943 Elmsl.)
543 2860 687 2946 Hesyoh.
715 2860 751 2924 ΙΙ
783 2863 863 2924 1194
893 2861 1083 2946 ῥαχίζων·
1110 2861 1185 2925 δια-

78 2958 232 3042 κόπτων,
261 2958 318 3025 διά
346 2953 383 3025 τό
413 2955 476 3042 τὴν
502 2957 639 3044 πρώτην
667 2960 721 3026 καὶ
743 2960 892 3046 μεγάλην
914 2956 1082 3044 διακοπὴν
1102 2956 1185 3026 κατὰ

77 3058 138 3146 τὴν
167 3056 265 3148 ῥάχιν
291 3065 455 3144 γίνεσθαι.
508 3063 601 3128 Phot.
626 3064 698 3145 484,
722 3067 740 3124 7
768 3063 959 3148 όαχίζων·
981 3055 1183 3130 διακόπτων.

76 3164 131 3228 καλ
159 3158 239 3240 τούς
265 3157 477 3247 κακουργούς
501 3163 665 3248 όαχιστάς.
719 3163 873 3228 Scholion
907 3173 1053 3230 nostrum
1082 3173 1186 3231 trans-

77 3265 209 3350 scripsit
232 3265 351 3329 Suidas
374 3265 447 3330 Vol.
470 3265 504 3328 II
527 3269 546 3327 2
567 3289 599 3352 p.
623 3270 694 3330 597.
705 3268 730 3350 ¹)

163 3437 188 3503 l)
211 3437 293 3488 Phot.
317 3439 377 3503 428,
401 3441 408 3490 l
437 3439 519 3490 babet
544 3441 626 3492 etiem
649 3430 791 3504 όακχίζειν
812 3469 847 3478 -
868 3429 934 3504 ἤτοι
952 3433 1128 3508 διακόπτειν,
1148 3429 1187 3500 eir

77 3537 147 3588 φησι
172 3514 242 3588 παρ’
261 3517 418 3592 Εὐριπίδῃ.
456 3527 559 3578 Eadem
582 3527 636 3578 lex.
655 3525 767 3577 Bachm.
793 3527 830 3576 At
853 3526 929 3577 Suid.
953 3527 971 3577 l.
990 3544 1015 3578 o.
1034 3527 1094 3592 597,
1113 3532 1129 3580 5
1147 3515 1186 3588 dc

76 3609 165 3673 φησιν
183 3600 354 3676 Εὐριπίδης,
385 3601 437 3669 Ὦς
456 3625 545 3676 φησιν
568 3602 598 3661 ἒν
622 3603 650 3661 δ’
667 3601 838 3676 Εὐριπίδης,
859 3613 891 3661 V.
929 3613 1067 3664 Fortassis
1086 3613 1187 3665 excidit

75 3697 186 3762 Didymi
201 3713 300 3748 nomen
324 3704 387 3764 post
411 3687 565 3765 Εὐριπίδῃ.
603 3699 728 3750 Ceterum
747 3699 823 3761 vide,
848 3715 911 3748 num
929 3701 1090 3751 vocabulum
1108 3693 1186 3766 ὅαχι-

76 3785 164 3845 σταῖς,
182 3785 255 3849 quod
268 3785 350 3835 etiam
363 3785 478 3850 Polybio
494 3787 638 3836 restituere
651 3789 765 3836 conatus
778 3790 821 3836 est
832 3785 953 3850 'Poupius
964 3785 992 3834 in
1005 3787 1080 3838 Suid.
1096 3788 1128 3836 T.
1144 3787 1187 3836 111

76 3883 102 3933 p.
122 3869 182 3934 104,
201 3869 291 3922 locum
308 3871 435 3922 habuerit
453 3872 481 3921 in
495 3873 584 3924 Dione
602 3871 796 3938 chrysostomo
815 3871 863 3922 Or.
888 3871 928 3922 IX
947 3872 964 3923 3
982 3887 1008 3938 p.
1036 3872 1086 3924 100
1107 3873 1186 3936 Emp.

75 3948 192 4008 όλακεΐν
207 3949 240 4006 di
258 3953 306 4006 καλ
324 3949 470 4023 μάχεσθαι
489 3959 659 4024 κακονργοῖς
683 3953 732 4008 καλ
752 3957 875 4024 λῃσταῖς.
914 3957 960 4008 Sic
982 3961 1044 4022 post
1063 3955 1188 4006 Jacobsi-

54 4057 118 4092 um
143 4044 230 4094 edidit
253 4045 397 4110 Emporias
421 4061 512 4110 progr.
537 4062 564 4111 p.
588 4047 632 4096 27.
657 4045 724 4098 Cod.
751 4045 815 4095 Ps‘r.
842 4059 899 4109 reg.
918 4041 987 4116 8009
1005 4036 1053 4089 καλ
1072 4036 1187 4102 κίσταις,

76 4129 172 4195 reliqui
196 4125 247 4180 καὶ
271 4127 427 4188 κακίστοις.
463 4131 550 4182 Nimis
574 4132 644 4182 eninr
667 4136 799 4181 remotum
827 4145 844 4179 a
863 4127 1034 4177 librariorum
1062 4125 1188 4176 ductibus

76 4218 325 4276 καταποντισταῖς,
339 4217 412 4282 quod
423 4213 505 4268 habet
522 4234 545 4268 e.
560 4235 586 4284 g.
604 4218 703 4268 Zosim.
716 4233 744 4283 p.
759 4217 792 4268 40
808 4213 850 4268 ed.
866 4215 964 4277 Bonn.,
983 4213 1104 4264 incertae
1123 4226 1187 4262 vero

78 4301 138 4354 idei
155 4303 273 4355 alterum
288 4303 452 4355 vocabulum
470 4293 599 4369 άγιστής·
617 4293 753 4370 ὑβριστής
772 4303 838 4353 Hes.
858 4291 1010 4364 άγιίτης.
1029 4291 1187 4366 άγοίτης.
