2894 4890
207 329 268 390 264

209 497 281 576 599,
294 497 345 556 40.
369 493 438 572 rto,
454 493 484 552 6.
505 527 548 536 -
570 485 626 549 Tr.
650 487 712 548 680
733 483 901 566 γλωχίν·
923 475 943 564 ἡ
965 476 1050 564 ἀμίς,
1073 474 1094 545 δ
1112 477 1202 562 λέγει
1217 474 1329 562 Ὅμη-

209 616 268 676 ρος
298 586 413 674 ὄγκον.
457 589 599 652 Tantum
630 587 670 650 de
694 584 869 651 verborum
898 583 1128 670 explicatione.
1173 582 1327 644 Ferimur

210 695 253 759 ad
282 713 334 756 res
362 690 598 777 geographicas
629 685 939 770 observationesque
968 683 1138 771 mythieas.
1184 684 1240 747 Ai.
1267 687 1327 746 179

210 791 395 860 διαστέλλει
412 786 472 858 τὸν
490 785 591 874 ”Apso
614 781 679 853 ἆτιό
702 790 764 851 τοῦ
783 780 960 851 Ἐνυαλίου
983 782 1028 861 ως
1049 782 1164 867 ἕτερον
1179 786 1328 867 δαίμονα

211 889 388 979 ὑπουργὸν
409 897 471 958 τοῦ
493 893 643 976 μείζονος
663 891 760 970 θεοῦ,
779 885 834 950 καί
855 889 960 969 δῆλον
971 886 1008 949 εἰι
1029 888 1097 949 τῶν
1112 888 1327 969 συνδέσμων.

212 998 265 1062 cf.
279 995 396 1060 schol.
419 999 450 1058 P
467 996 526 1056 211
551 991 667 1055 Lehrs.
694 992 749 1053 181.
784 987 885 1052 schol.
907 986 966 1052 Ar.
991 987 1068 1050 Pac.
1092 992 1152 1052 459
1178 988 1263 1074 (56).
1284 1027 1328 1034 -

212 1098 264 1162 El.
288 1090 464 1178 4”ομηρος
483 1094 611 1177 χωρίζει
634 1087 670 1154 τὰ
684 1083 806 1172 ’Ἄργος
827 1087 881 1152 καὶ
903 1083 965 1170 τὴν
988 1085 1169 1170 Μυκήνην.
1199 1088 1328 1151 Eadem

212 1199 313 1264 schol.
330 1198 410 1262 Eur.
427 1196 551 1260 Phoen.
576 1197 635 1259 126
650 1216 682 1279 p.
701 1195 740 1255 27
763 1192 814 1255 ed.
827 1188 945 1254 Valck.
971 1188 1044 1253 coll.
1069 1189 1169 1254 schol.
1184 1189 1283 1253 Hom.
1301 1195 1329 1252 A

213 1303 253 1362 46
275 1297 391 1362 Lehrs.
417 1299 486 1360 179.
509 1335 552 1345 -
582 1294 638 1358 Tr.
665 1295 724 1356 172
746 1285 1066 1373 Δωδώνι·”ομηρος
1088 1285 1124 1352 δέ
1146 1287 1328 1371 Δωδώνην

214 1394 316 1464 εἶπεν.
332 1437 375 1446 -
393 1395 475 1461 Tr.l
487 1399 545 1460 196
569 1396 653 1459 ένιοι
675 1387 712 1456 δὲ
729 1390 830 1475 χωρὶς
851 1395 913 1455 τοῦ
932 1408 953 1454 σ
975 1388 1168 1474 γράφουσιν
1180 1384 1328 1472 Έλλούς,

214 1494 454 1580 ἀποδεχόμενοι
475 1535 518 1546 -
537 1495 742 1579 οἰκήσαντες,
772 1494 828 1580 qui
855 1494 944 1557 locus
971 1501 1058 1557 totus
1082 1514 1099 1556 e
1119 1491 1328 1573 Philochoro,

215 1620 278 1684 quo
300 1597 464 1680 Didymus
488 1598 677 1682 saepissime
698 1596 815 1677 utitur,
838 1597 1070 1680 transscriptus
1094 1601 1151 1675 est,
1174 1602 1211 1657 ut
1232 1592 1329 1656 docet

158 1745 160 1750 ,
215 1695 413 1780 comparatio
436 1694 604 1761 Strabonis
627 1697 693 1761 VH
715 1718 746 1781 p.
772 1699 833 1760 328
862 1695 977 1761 Lehrs.
1007 1695 1066 1759 Ar.
1097 1697 1159 1758 239
1190 1715 1262 1779 sqq.
1284 1734 1329 1742 —

216 1795 286 1860 OT.
309 1795 367 1857 391
403 1792 557 1878 ῥαψῳδὸς
582 1799 696 1880 σφίγξ·
731 1792 768 1876 τὸ
789 1797 825 1861 δέ
848 1792 955 1881 ὄνομα
976 1800 1038 1862 τοῦ
1061 1797 1223 1884 ῥαψῳδοῦ
1243 1790 1325 1861 καθ’

207 1891 358 1979 Ὅμηρον
378 1882 399 1976 ἢ
418 1886 496 1975 μεθ’
511 1888 659 1978 Ὅμηρον
676 1888 719 1981 ἦν
742 1898 799 1984 (l).
822 1939 865 1949 —
883 1899 937 1964 Ai.
960 1901 1039 1962 1284
1060 1893 1329 1964 αὐτοκέλευστον

217 2015 323 2081 φησιν
346 1987 451 2058 αὐτὸν
480 1987 662 2078 ἀναστῆναι
692 2002 738 2076 είς
759 1994 796 2064 τὸ
822 1997 1027 2083 μονομάχιον
1050 1999 1198 2065 ἐπαινῶν
1218 1997 1329 2066 αὐτὸν

217 2094 280 2178 οὐχ
293 2093 489 2177 Ὁμηρικῶς.
503 2130 545 2142 -
559 2094 613 2156 Ai·
627 2101 687 2164 574
707 2095 798 2164 οἶδεν
809 2095 953 2186 ’Όμηρος
973 2097 1060 2166 ὅπλα
1085 2098 1326 2185 συγκαιόμενα.

218 2190 309 2261 ειἰλλ’
337 2189 403 2277 ἄρα
420 2215 478 2275 μιν
495 2190 632 2272 κατέκηε
652 2192 715 2258 σὺν
732 2201 839 2264 ἔντεσι
858 2202 1103 2266 δαιδαλέοισιν’
1128 2208 1169 2290 (Z
1181 2206 1270 2290 418).
1283 2243 1328 2256 —

217 2301 271 2365 Αἰ.
294 2300 354 2362 833
385 2290 436 2359 ὅτι
464 2287 547 2359 κατὰ
576 2288 613 2355 τδ
644 2286 724 2360 ἄλλο
756 2304 850 2383 σῶμα
878 2297 1024 2385 ἄτρωτος
1046 2293 1088 2387 ἦν
1110 2299 1127 2368 ὁ
1149 2311 1234 2384 Αίας
1259 2306 1327 2370 κτέ.

217 2401 332 2465 Lehrs.
355 2399 414 2462 Ar.
438 2420 470 2482 p.
497 2397 567 2458 180.
590 2431 633 2444 —-
661 2391 714 2456 El.
740 2401 796 2461 157
824 2394 994 2490 ἢὉμήρῳ
1022 2401 1208 2471 ἀκολουθεῖ
1234 2409 1329 2490 εἰρη-

217 2497 291 2566 κότι
313 2495 371 2574 τὰς
393 2507 479 2580 τρεῖς
500 2493 690 2577 θυγατέρας
711 2499 780 2556 κτλ.
931 2537 932 2542 ι

304 2599 455 2665 Sediam
479 2597 558 2661 satis
582 2596 625 2658 sit
646 2593 868 2678 exemplorum
886 2605 928 2665 ad
948 2606 1247 2691 demonstrandum,
1272 2611 1329 2695 qui

218 2707 303 2772 notis
323 2703 389 2768 illis
412 2701 534 2764 criticis
557 2696 740 2784 Sophoclea
761 2718 888 2782 quoque
911 2707 1108 2790 exemplaria
1127 2731 1329 2796 compunge-

218 2815 291 2872 rent
312 2806 358 2868 ita
380 2802 421 2867 ab
443 2799 628 2865 Aristarchi
652 2797 769 2862 studiis
792 2798 946 2882 pendisse
966 2812 1060 2887 totos,
1077 2810 1201 2874 ut-fere
1223 2815 1330 2898 suspi-

212 2910 268 2973 cio
290 2905 477 2969 suboriatur
493 2902 600 2987 ipsum
616 2899 901 2984 grammaticorum
918 2922 994 2965 suae
1009 2910 1122 2970 aetatis
1136 2913 1330 2998 principem,

217 3029 313 3095 quem
334 3004 522 3068 universam
540 3000 743 3085 tragoediam
767 3003 954 3064 memoriter
975 3003 1113 3067 recitare
1140 3029 1178 3070 ac
1197 3021 1332 3095 pectore

218 3106 310 3192 quasi
338 3105 444 3167 eicere
470 3112 567 3189 atque
591 3110 801 3187 expectorare
820 3102 965 3186 potuisse
988 3102 1096 3189 lepida
1113 3106 1241 3189 pictura
1263 3110 1329 3173 dis-

218 3205 343 3289 cipulus
367 3203 437 3264 eius
462 3203 672 3266 fidelissimus
693 3201 876 3287 Dionysius
903 3203 1100 3287 significavit
1128 3204 1186 3288 (cf.
1208 3205 1330 3272 Philol.

216 3304 284 3369 VII
309 3304 328 3363 2
351 3327 383 3389 p.
398 3303 485 3386 363),
507 3302 569 3365 hoc
593 3303 795 3392 recensionis
818 3301 1017 3389 Sophocleae
1042 3327 1122 3369 onus
1146 3305 1181 3368 in
1202 3327 1238 3369 se
1261 3328 1332 3370 sus-

217 3406 359 3490 cepisse,
385 3403 565 3490 Didymum
586 3425 664 3466 vero
683 3404 775 3466 iuxta
795 3426 869 3468 eum
890 3403 963 3468 aliis
986 3405 1156 3492 discipulis
1179 3408 1332 3491 magistri

218 3505 447 3590 spectatissimi
470 3515 588 3588 σημεῖα
617 3512 648 3568 et
676 3505 873 3590 explicuisse
902 3514 934 3570 et
955 3527 1059 3591 aequa
1080 3506 1177 3571 lance.
1192 3531 1332 3595 perpen-

217 3605 315 3671 disse.
346 3605 542 3670 Coniectura
559 3606 620 3670 hoc
643 3607 773 3692 assequi
794 3606 871 3670 licet
894 3629 912 3671 e
935 3605 1035 3670 schol.
1060 3607 1129 3672 OT.
1147 3612 1205 3688 391
1231 3621 1338 3697 supra

215 3705 438 3794 transscripto.
483 3708 582 3770 Hunc
610 3710 696 3771 enim
718 3730 866 3791 versum,
902 3731 998 3795 quem
1024 3711 1069 3794 uqi
1095 3732 1114 3791 χ
1141 3707 1331 3778 confossum

215 3807 318 3874 fuisse
336 3819 430 3874 extra
449 3808 685 3874 dubitationem
699 3818 824 3896 ponunt
840 3809 956 3876 scholii
969 3811 1070 3875 adlati
1084 3808 1196 3891 verba,
1217 3820 1331 3896 aperte

215 3919 325 3974 notam
347 3910 489 3996 aliquam
511 3910 895 3997 criticamexplicantia,
924 3912 970 3975 ita
997 3911 1031 3974 in
1053 3910 1259 3998 Hesychium
1280 3935 1332 3976 re-

215 4019 344 4096 ceptum
367 4011 593 4098 conspicimus,
614 4021 651 4075 ut
673 4034 779 4100 neque
798 4011 874 4078 huie
890 4013 974 4077 desit
991 4013 1054 4077 ista
1073 4016 1213 4097 σημείου
1229 4014 1329 4078 inter-

212 4111 363 4194 pretatio.
416 4112 526 4198 Atque
568 4113 663 4197 signa
693 4113 862 4198 Sophoclis
896 4114 1130 4201 Euripidisque
1167 4115 1327 4202 exemplis

212 4212 342 4297 appiots
362 4234 399 4279 re
424 4235 504 4282 vera
525 4213 704 4304 Didymum
729 4215 920 4302 exposuisse
944 4223 1033 4304 patet
1064 4238 1083 4280 e
1110 4215 1210 4280 schol.
1235 4215 1335 4287 Flor..
