2812 4868
1217 363 1257 426 37

145 534 239 600 cudis
268 530 431 598 vocabula
456 567 499 580 --
527 529 708 616 Didymnm
739 539 905 596 auctorem
936 549 1125 613 agnoscere.
1170 529 1258 609 Quid

144 636 269 720 igitur?
306 654 415 698 nonne
442 639 556 717 sponte
579 631 648 696 lere
670 633 877 696 subnascitur
897 633 1055 716 suspicio,
1077 631 1258 718 reliqna-

145 732 1258 821 rumctiam,quotquotCratinumspectant,glossarum

145 841 516 923 interpretamenta
538 837 684 902 eiusdem
708 835 914 922 grammatici
934 835 1115 900 industriae
1135 834 1257 917 deberi,

145 939 284 1024 Didymi
309 940 452 1024 inquam,
474 939 567 1002 cuius
589 938 631 1004 ab
653 938 788 1003 arbitrio
810 939 922 1021 octies,
943 945 979 1002 ut
999 937 1173 1002 Cratineae
1195 935 1259 1000 elo-

145 1041 269 1105 cutioni
299 1041 404 1105 lucem
433 1039 562 1122 efferat,
593 1041 738 1126 pendere
772 1040 914 1104 vidimus
943 1038 1170 1126 Hesychium?
1208 1037 1259 1102 Ac

145 1141 293 1228 profecto
322 1143 533 1228 interpretem
562 1150 594 1206 et
623 1143 756 1228 egregie
780 1142 911 1207 doctum
937 1150 969 1206 et
993 1140 1152 1226 adparatu
1171 1139 1259 1205 haud

146 1245 331 1331 spernendo
362 1244 557 1308 instructum
589 1245 732 1331 produnt
758 1268 791 1310 v.
817 1261 846 1308 c.
872 1244 951 1309 Hes.
978 1243 1123 1329 glossae:
1157 1242 1259 1305 1952

147 1340 322 1422 διαλαδς
344 1346 395 1429 (οἱ
413 1340 590 1428 μὲν-ἄλλοι
611 1344 662 1428 δὲ)
684 1347 778 1410 1997
801 1347 998 1430 δίλογχον
1020 1338 1055 1431 (ἢ
1079 1341 1186 1410 ὅτι-οί
1207 1343 1258 1428 δὲ)

146 1448 257 1511 Ι1061
283 1443 826 1531 Διονυσοκονροπυροίνην
846 1446 947 1531 (είσίν
970 1448 1005 1512 οἴ
1024 1440 1260 1530 φασιν-ἆμαρ·
1299 1517 1307 1528 ¹

148 1546 320 1630 τίνοντες)
343 1547 490 1629 κηπίον
511 1548 623 1612 ΙΙ252
647 1550 804 1628 (ἔνιοι-οἱ
816 1547 867 1628 δὲ)
889 1548 924 1613 ΙΙ
938 1549 1000 1613 638
1024 1546 1261 1631 μνσικαρφὶ

147 1650 196 1731 (οί
212 1642 316 1732 μὲν-ἢ
338 1641 450 1726 οἱς-οἶς
468 1670 557 1726 τινες
573 1648 626 1734 δὲ)
654 1651 722 1715 vid.
746 1673 845 1738 supra
865 1674 891 1715 s.
914 1672 947 1714 r.
970 1653 1140 1735 βρίκελλοι
1160 1657 1193 1713 et
1212 1651 1260 1713 in-

147 1753 199 1816 fra
220 1775 245 1816 ι.
268 1776 301 1817 v.
321 1748 609 1836 βαλανειόμφαλοι
628 1752 669 1816 de
690 1751 828 1817 notabili
847 1752 1011 1839 Didymen
1033 1753 1068 1816 οί
1084 1750 1146 1835 μὲν
1162 1791 1205 1802 -
1228 1752 1263 1816 ol

148 1852 184 1920 dl
202 1877 276 1920 usu.

232 1955 387 2019 Diximus
420 1956 455 2020 in
475 1955 613 2041 Didymi
638 1955 745 2024 lexico
768 1960 891 2022 comico
913 1958 1060 2022 extitisse
1083 1958 1180 2021 etiam
1202 1979 1259 2022 vv.

148 2053 371 2142 ἡμεροκαλλές
391 2067 424 2121 et
446 2058 581 2142 οὲρφοι,
612 2059 753 2146 indeque
775 2060 922 2144 profecta
944 2059 1104 2146 Hesychii
1123 2059 1260 2143 farragi-

149 2183 224 2224 nem
246 2157 474 2245 locupletasse.
518 2159 701 2225 Audiamus
722 2170 833 2225 testes.

681 2332 729 2393 12.

232 2463 328 2528 Phot.
363 2464 421 2545 68,
458 2465 495 2526 19
526 2456 836 2546 Ἡμερόκαλλες
867 2467 929 2554 (sic
962 2466 1081 2529 accinit
1113 2466 1259 2533 Lobeck.

149 2564 313 2652 Aglaoph.
336 2563 411 2650 762)
439 2557 546 2642 ἄνθος
569 2565 793 2650 σπειρόμενον
815 2561 832 2630 ὁ
856 2568 1052 2650 Δίδυμος.
1097 2561 1170 2631 οὐκ
1192 2569 1262 2634 ἔστι

150 2668 245 2755 (haec
273 2666 333 2731 Ori
361 2665 528 2752 videntur)
561 2660 669 2744 ἄνθος
697 2667 763 2734 κτὲ.
808 2670 934 2734 Eadem
962 2677 1003 2734 et.
1032 2692 1075 2733 m.
1104 2672 1181 2752 439,
1208 2673 1260 2733 43.

149 2770 229 2834 Hes.
253 2769 271 2832 I
293 2771 370 2833 1631
396 2759 704 2851 ἡμερόκαλλες·
728 2774 796 2834 τῶν
818 2777 993 2856 σπορίμων
1016 2764 1123 2847 ἄνθος
1144 2762 1164 2853 ἢ
1187 2786 1263 2834 στε-

151 2866 296 2953 φάνωμα
317 2865 375 2933 κτὲ
398 2870 411 2955 (
433 2870 448 2932 ί
468 2866 560 2934 ‹tt-ot
578 2869 642 2954 dl).
681 2869 813 2956 Spectat
834 2871 877 2935 ad
898 2869 1024 2935 Cratini
1047 2872 1261 2938 Effeminatos

149 2993 199 3058 ep.
221 2970 299 3035 Ath.
323 2969 389 3034 XV
400 2971 502 3035 681ss
526 2973 624 3039 6850
646 2975 692 3058 (v.
709 2973 833 3058 Bergk.
855 2972 876 3037 l.
894 2995 921 3038 ο.
943 2997 976 3059 p.
993 2973 1059 3060 66).
1088 2975 1140 3040 De
1158 2974 1262 3042 Theo·

153 3074 231 3139 doro
256 3074 389 3157 Panage
409 3094 505 3158 quem
523 3074 659 3166 Photius
681 3073 814 3139 adhibet
836 3075 895 3140 cfr.
912 3075 1086 3143 Westerm.
1105 3077 1148 3141 ad
1163 3078 1260 3144 Voss.

151 3175 183 3240 h.
207 3175 267 3241 Gr.
291 3197 324 3260 p.
349 3176 410 3238 503
433 3182 465 3238 et
485 3174 589 3240 Meier
610 3198 725 3241 comm.
748 3177 895 3242 Andocc.
917 3177 1004 3242 v13
1026 3201 1058 3266 p.
1079 3179 1141 3244 IX.

685 3349 735 3410 13.

237 3477 332 3542 Phot.
349 3483 420 3564 507,
438 3485 449 3543 1
464 3504 471 3545 :
488 3479 544 3545 Σί
552 3503 665 3564 ρφοι·
685 3481 719 3545 ol
728 3479 889 3562 πτερωτοὶ
904 3478 1085 3567 μύρμηκες,
1098 3476 1158 3560 οὓς
1171 3477 1264 3569 ἡμεῖς

136 3576 298 3662 νύμφας.
322 3576 428 3644 οὕτω
452 3583 646 3665 Δίδυμος.
682 3579 828 3659 Κάσσιος
850 3583 886 3648 δὲ
903 3590 1069 3668 Λογγῖνος
1086 3585 1150 3650 κτὲ.
1183 3587 1263 3654 Hes.

151 3681 186 3745 Π
204 3684 283 3744 1171
307 3679 471 3765 οὲρφοιῗ
494 3685 529 3749 ol
539 3684 702 3764 πτερωτοὶ
724 3681 907 3769 μύρμηκες,
929 3709 1025 3773 quem
1049 3688 1265 3774 compilarunt

152 3783 195 3867 gl.
220 3783 307 3849 Vict.
337 3783 380 3847 ad
400 3784 459 3849 Ar.
480 3787 603 3872 Vespp.
628 3787 686 3849 351
712 3785 756 3850 id.
777 3786 813 3850 Π
835 3790 915 3852 1318
945 3784 1104 3873 ον’ρφος
1127 3782 1148 3871 ἢ
1169 3789 1265 3873 σίρ-

154 3907 245 3966 φος·
268 3885 428 3965 θηρίδιον
450 3882 574 3969 μικρὸν
597 3877 670 3950 οἷον
693 3885 798 3970 ἐμπίς.
829 3890 919 3954 Voce
939 3911 1017 3953 usus
1039 3899 1088 3954 est
1111 3892 1263 3955 Cratinus

154 4007 204 4072 ep.
223 3983 325 4049 schol.
339 3985 397 4050 Ar.
413 3985 536 4073 Vespp.
555 3987 577 4050 l.
593 3989 614 4053 l.
629 3990 796 4078 Aristoph.
815 3993 902 4056 Avv.
919 3993 969 4056 82.
987 3994 1048 4055 570
1063 3993 1109 4078 (v.
1125 3989 1264 4076 scholl.);

154 4085 300 4180 Nicopho
329 4109 381 4173 ap.
406 4087 497 4152 Suid.
521 4089 556 4153 ΙΙ
579 4095 598 4154 2
620 4114 652 4179 p.
676 4096 736 4155 719
767 4091 924 4180 (Meinek.
951 4091 1041 4157 Com.
1064 4093 1100 4156 Π
1120 4099 1152 4177 p.
1176 4091 1264 4177 848).

155 4187 330 4254 Praeterea
365 4188 408 4252 ad
437 4189 576 4278 Didymi
613 4195 835 4259 testimonium
870 4194 1059 4279 saepissime
1088 4199 1266 4277 provocant

154 4289 287 4356 Photius
301 4300 334 4356 et
348 4292 584 4378 Harpocrati03
601 4295 659 4359 sed
671 4295 836 4360 duumviri
850 4295 894 4376 hi,
906 4315 980 4358 cum
991 4313 1055 4357 non
1071 4292 1107 4357 id
1120 4299 1265 4378 agerent,
