2894 4890
1167 355 1228 418 267

116 523 380 603 observationes,
409 520 676 607 qualesexstant
703 523 737 600 in
766 520 865 586 schol.
898 523 941 586 ad
966 522 1036 586 00.
1068 526 1147 585 1375
1176 523 1229 586 ΕΙ.

118 628 169 689 86.
194 625 255 685 289
276 621 360 708 (00.
386 626 455 685 171.
482 621 588 707 1225),
611 621 803 708 quibuscum
829 623 908 686 satis
932 623 1030 688 babet
1048 623 1229 708 Didymum

116 726 206 812 apud
224 723 326 789 schol.
347 723 406 787 Ar.
427 722 550 810 Vespp.
573 727 652 791 1099
674 723 744 810 (58)
761 745 978 809 comparasse.
1008 723 1155 810 Namque
1169 725 1230 790 bae

118 848 248 913 quoque
275 825 500 890 adnotationes
528 846 594 888 non
615 833 691 888 sunt
709 825 774 888 nisi
795 834 946 889 notarum
968 826 1154 890 criticarum
1175 848 1230 890 ex-

115 927 320 1013 plicationes.
365 923 495 1012 Quippe.
518 933 758 990 consueverunt
779 935 908 998 veteres
937 949 1050 991 versus
1081 926 1123 991 ad
1145 926 1228 990 alins

116 1036 233 1114 poetae
252 1027 465 1091 imitationem
487 1028 683 1112 compositos
700 1029 747 1112 τῷ
766 1050 785 1109 χ
808 1049 1036 1113 compungere.
1073 1028 1161 1092 Hinc
1184 1028 1230 1094 ef·

117 1127 226 1191 ficitur
231 1175 241 1209 ‚
263 1136 299 1191 ut
321 1128 356 1190 in
381 1126 481 1191 schol.
494 1127 555 1192 La.
567 1127 621 1191 Αἱ.
635 1129 697 1190 665
714 1128 874 1191 exciderit
892 1125 929 1192 τὸ
950 1152 980 1212 χ,
998 1130 1089 1215 Δροοά
1109 1128 1230 1194 habent

119 1227 234 1293 scholl.
260 1229 302 1292 ad
330 1229 410 1293 Eur.
441 1227 529 1292 Med.
551 1230 620 1312 ,615
647 1249 680 1312 p.
708 1230 780 1291 374.
805 1231 865 1291 375
893 1229 1009 1294 Matth.
1056 1230 1229 1315 Singulare

119 1329 274 1394 volumen
297 1331 374 1412 περὶ
396 1333 464 1393 τῶν
489 1323 611 1413 ὁμοίως
633 1329 818 1412 εἰρημένων
839 1341 909 1408 τοῖς
929 1341 1099 1413 τραγικοῖς
1120 1332 1228 1396 edide-

67 1507 71 1514 .
117 1439 169 1494 rat
195 1430 401 1496 Ptolemaeus
420 1430 600 1494 Aristonici
631 1438 740 1515 pater,
773 1432 864 1495 euius
892 1431 1031 1498 fortasse
1062 1433 1229 1498 laboribus

117 1531 167 1594 uti
188 1531 332 1618 Didymo
353 1533 455 1608 licuit.
490 1548 499 1562 ³

202 1632 412 1698 Asteriscum'
420 1634 604 1724 appositum
623 1633 726 1697 fuisse
739 1634 790 1698 his
806 1634 897 1719 loeis,
921 1637 976 1721 qui
999 1636 1166 1700 stellarum
1182 1639 1230 1702 in-

118 1743 185 1800 star
206 1733 444 1817 elucescerent3
471 1734 615 1798 affirmat
636 1735 786 1800 Eustatb.
808 1741 839 1800 E
860 1740 920 1801 733
946 1760 978 1824 p.
1003 1741 1080 1822 599,
1101 1742 1141 1802 34
1165 1740 1228 1805 Od.

117 1839 253 1924 2252p.
271 1840 362 1920 1627,
377 1840 427 1919 59,
451 1826 647 1922 quamquam
668 1837 745 1901 huic
766 1838 864 1922 fidem
886 1840 957 1902 iure
982 1839 1142 1925 abrogant
1165 1842 1230 1904 viri

118 1939 218 2003 docti.
258 1938 307 2002 'At
329 1937 575 2022 intellegemus,
595 1939 673 2024 quid
695 1939 758 2003 sibi
786 1939 868 2003 velit
896 1939 997 2004 schol.
1028 1941 1070 2004 ad
1090 1942 1144 2007 Αἱ.
1169 1945 1226 2006 118

119 2034 334 2116 παιδευτικὸς
361 2032 379 2105 ὁ
411 2033 510 2121 λόγος
536 2077 573 2088 -
606 2038 661 2103 καὶ
689 2043 788 2104 τοῦτο
813 2039 850 2104 δὲ
871 2035 1019 2124 Ὁμήρου
1049 2045 1228 2127 παίδευμα,

7 2141 10 2144 ’
118 2136 171 2206 ὅτι
193 2135 249 2223 ἐφ’
274 2133 324 2216 οἷς
346 2134 532 2222 αὐχούνταί
546 2163 634 2216 τινες
645 2139 777 2205 τούτων
795 2147 992 2222 στεροῦνται
1012 2139 1102 2221 παρὰ
1122 2147 1230 2225 θεῶν,

117 2237 163 2318 ὡς
195 2241 250 2306 καί
282 2237 434 2325 Θάμυρις
466 2237 528 2323 τὴν
560 2237 727 2324 μουσικὴν
758 2241 813 2305 καὶ
846 2238 957 2325 Νιόβη
989 2247 1056 2305 τῶν
1089 2243 1227 2308 τέκνων.
1352 2284 1356 2292 .

119 2343 190 2409 OT.
214 2345 275 2406 314
303 2337 519 2418 carosensis
544 2335 561 2406 ὁ
589 2337 698 2424 λόγος.
745 2343 812 2406 ἔδει
836 2336 985 2418 ἅπαντας
1007 2336 1066 2426 ἀφ’
1092 2332 1141 2408 siv
1163 2341 1227 2407 dri-

45 2523 47 2530 .
118 2467 236 2509 ναιντο
263 2437 407 2526 ω’φελεῑν
436 2438 516 2519 τούς
545 2440 655 2518 πέλας.
707 2446 769 2508 946
791 2441 1008 2509 παιδευτικόν
1029 2469 1060 2509 τι
1083 2446 1226 2529 ἔγκειται

118 2549 166 2633 τῷ
184 2541 338 2628 δράματι,
361 2539 406 2621 ὡς
428 2539 469 2608 οὐ
492 2545 545 2608 δεῖ
563 2555 790 2627 καταφρονεῖν
812 2549 881 2610 τῶν
899 2549 1014 2610 θείων.
1060 2546 1174 2634 Neque
1193 2550 1228 2612 in

118 2645 220 2711 schol.
249 2646 346 2710 Hom.
374 2646 457 2709 Ven.
480 2643 816 2723 51ον.καιὸεοτικο’ς
836 2669 914 2710 usus
936 2669 1002 2711 non
1025 2647 1228 2714 observatur.

118 2749 301 2834 Dionysius
320 2769 400 2816 vero
421 2746 568 2812 Rhodius
596 2746 649 2810 vel
674 2747 801 2812 Samius
824 2749 955 2833 scripsit
977 2749 1128 2832 ἱστορίαν
1149 2771 1229 2813 παι-

118 2846 288 2931 δευτικήν.
330 2847 448 2928 ⁸Quota
476 2839 555 2911 vero
581 2847 779 2912 scholiorum
802 2871 893 2934 pars,
920 2849 955 2911 in
983 2849 1100 2935 quibus
1130 2851 1229 2913 inter·

118 2951 196 3038 pres
216 2949 463 3014 Alexandrinus
487 2957 602 3038 poetae
624 2957 727 3012 artem
748 2950 800 3014 his
822 2972 900 3014 usus
923 2949 1037 3014 iudicii
1059 2972 1230 3014 censurae-

118 3075 181 3139 que
216 3051 329 3140 formis
363 3048 547 3135 praedicat:
577 3053 697 3125 καλῶς
732 3038 771 3113 εὖ
813 3051 993 3132 δαιμονίως
1033 3054 1231 3134 θαυμασίως

34 3191 43 3205 .
117 3148 309 3234 δεξιώτατα,
333 3150 481 3214 asterisci
503 3159 615 3214 notam
635 3151 799 3236 respiciat,
826 3151 988 3237 hodieque
1011 3175 1084 3217 cum
1106 3153 1230 3238 pulvis-

117 3254 191 3318 culo
213 3251 378 3316 exhauriri
399 3251 458 3314 vix
474 3253 604 3336 poterit.
649 3251 761 3314 Potior
783 3253 870 3315 enim
887 3251 1003 3317 harum
1025 3254 1230 3318 animadver-
1295 3316 1298 3322 ,

118 3356 247 3418 sionum
276 3375 351 3438 pars
379 3372 446 3415 non
473 3360 540 3414 tam
570 3353 613 3416 ad
636 3352 870 3416 sententiarum
893 3353 1100 3438 splendorem
1123 3354 1229 3420 elocu-

117 3455 308 3539 tionumque
344 3460 549 3516 venustatem
582 3449 724 3537 (φράσιν
757 3453 813 3516 Tr.
838 3461 855 3518 7
893 3455 962 3518 00.
992 3457 1043 3536 17)
1076 3457 1228 3541 pertinet,
1357 3471 1359 3474 ·

119 3569 216 3642 quam
236 3554 279 3618 ad
301 3545 410 3617 artem
420 3561 535 3638 poetae
558 3555 719 3617 scenicam
739 3552 987 3640 fabulammque
1002 3554 1229 3620 admirabilem

36 3741 37 3744 Ἴ
112 3656 351 3736 oeconomiam,
375 3653 494 3718 utos.
510 3655 560 3717 28.
589 3658 658 3718 111.
679 3655 751 3718 296.
770 3658 842 3718 551.
865 3656 937 3717 887.
962 3657 1052 3719 1725.
1098 3654 1229 3720 Deinde

118 3758 213 3840 signo
243 3755 439 3820 notabantur
467 3754 530 3818 loci
556 3754 703 3818 nonnulli
725 3763 857 3839 proptor
883 3755 1165 3836 anachronismos,
1200 3777 1230 3818 e.

117 3877 150 3938 g.
181 3855 283 3920 schol.
312 3856 386 3920 Vat.
415 3857 458 3920 ad
488 3856 568 3919 Eur.
596 3855 695 3919 Rhes.
727 3857 788 3917 248
821 3854 926 3918 Andr.
967 3858 1027 3918 724
1060 3854 1143 3918 Ηοο.
1168 3859 1230 3920 569
1261 3894 1264 3899 -

120 3954 220 4020 schol.
252 3956 347 4020 Pind.
382 3956 475 4021 Nem.
510 3956 579 4020 VH
611 3960 651 4020 56
684 3980 716 4042 p.
745 3957 806 4018 478
836 3944 952 4037 ἀνάγει
973 3950 1054 4031 τοὺς
1076 3952 1228 4038 χρόνους.
1351 3997 1355 4004 ·

120 4054 212 4118 Idem
236 4057 273 4120 fit
296 4058 330 4120 in
360 4058 460 4122 schol.
495 4057 537 4121 ad
563 4057 661 4143 Soph.
691 4056 744 4120 El.
767 4059 807 4118 47
837 4048 978 4137 ἀνῆκται
1000 4056 1036 4122 δὲ
1059 4069 1127 4134 τοῖς
1149 4055 1229 4140 χρό-

119 4178 202 4232 νοις.
232 4155 285 4220 ἑτὶ
310 4157 539 4242 Τριπτολέμου
560 4156 624 4242 γάρ
646 4176 728 4242 φασι
751 4157 909 4241 γενέσθαι
933 4153 1092 4249 Πυθικὸν
1114 4153 1228 4242 ίιγοίνα

119 4253 302 4336 ἑξακοσίοις
330 4260 416 4323 ἔτεσι
445 4257 621 4343 πρότερον.
672 4259 797 4365 Eadem
816 4245 1010 4326 'observatio
1028 4257 1158 4349 'legitur
1189 4262 1232 4330 ad
1340 4355 1341 4358 Ἴ
