2752 4890
524 391 722 452 -0„.
1124 385 1183 444 155

73 558 244 645 δεύτερον
258 562 386 644 στίχον,
410 555 492 642 ὅπερ
515 550 578 620 οὐκ
602 550 794 637 ἀναγκαῖον.
827 545 1003 634 ποιητικὸν
1024 545 1087 633 γάρ
1105 551 1186 628 ἔθος

74 663 111 730 τὸ
145 659 305 739 πολλάκις
333 661 388 726 καὶ
410 657 446 726 τό
470 653 551 726 αὐτὸ
575 653 923 740 έπαναλαμβάνεσθαι.
959 649 1043 736 πρὸς
1071 651 1107 718 δὲ
1126 649 1186 718 τδν

75 763 270 850 Ζηνόδοτον
292 759 396 846 ὑγιῶς
417 758 636 845 ἀποφαίνεται
659 757 783 841 έκεῖνο,
810 749 898 821 ότιδ
923 747 1061 837 ποιητὴς
1087 750 1186 820 οὐδέ-

76 889 156 933 ποτε
188 861 257 931 οἶδε
287 861 324 930 τό
354 863 408 950 φη
437 860 511 932 ἀντὶ
537 866 598 927 τοῦ
626 855 695 943 ὡς,
728 861 762 925 οί
778 859 814 926 δέ
836 854 907 943 μετ’
927 851 1049 940 αὐτόν,
1073 853 1186 941 ὥσπερ

75 967 266 1053 Ἀντίμαχος
287 967 342 1032 καὶ
363 970 398 1033 οί
413 966 489 1052 περὶ
511 969 735 1049 Καλλίμαχον.
759 963 801 1029 A.

161 1091 233 1152 505.
275 1083 354 1152 σάν
384 1087 529 1171 νηυσί·
573 1081 762 1169 Ζηνόδοτος
797 1079 852 1147 καλ
872 1071 1114 1163 Ἀριστοφάνης
1145 1075 1188 1142 έν

77 1192 210 1274 νηυσί.
235 1189 276 1254 A.

619 1369 657 1437 Ο.

164 1503 212 1563 10.
249 1491 492 1580 Ἀριστοφάνης
514 1499 590 1579 κῆρ
614 1491 862 1561 ἀπινύσκων
893 1482 949 1552 διά
972 1489 1033 1550 τοῦ
1051 1511 1088 1550 κ·
1114 1483 1190 1554 ὁδέ

75 1598 285 1686 Ἀρίσταρχος
307 1597 361 1663 καὶ
384 1596 421 1662 έν
448 1593 622 1685 Ὀδυσσείᾳ
652 1596 708 1664 διά
736 1599 805 1664 τῶν
828 1589 890 1660 δύο
912 1606 954 1654 σσ
978 1587 1126 1666 “δοκεέις
1153 1593 1193 1656 δέ

80 1728 135 1788 μοι
153 1697 216 1768 οὐκ
238 1696 440 1766 ἀπινύσσειν
463 1703 494 1788 (ε
517 1702 605 1787 342).
627 1702 668 1766 Α.

162 1827 211 1886 17.
234 1815 342 1898 οὕτως
361 1816 417 1885 διά
440 1823 501 1884 τοῦ
523 1845 543 1904 η
572 1815 790 1905 ἐπαύρηαι.
814 1823 855 1889 Α.

168 1927 218 1988 21.
251 1919 440 2007 Ζηνόδοτος
458 1915 539 1987 οὐδὲ
561 1917 648 2000 όλως
667 1920 729 2008 τὴν
750 1921 891 1992 κόλασιν
912 1920 1086 2012 τῆςἭρας
1108 1923 1192 2010 γρά-

82 2052 149 2112 φει.
172 2026 212 2092 Α.

138 2229 142 2238 ⁸
171 2148 221 2208 24.
242 2139 486 2228 Ἀριστοφάνης
505 2142 661 2230 θυμόν,
686 2141 781 2212 ἀλλοι
800 2145 837 2212 δὲ
859 2146 1008 2233 θυμός.
1033 2148 1074 2212 Α.

167 2250 217 2311 31.
242 2241 496 2334 ἀπολλήξῃς·
517 2242 573 2312 διά
592 2253 653 2313 τοῦ
677 2246 793 2333 ἑτέρου
815 2255 834 2314 λ
856 2252 893 2315 ac
902 2245 1127 2336 Ἀριστάρχου.
1150 2249 1192 2315 A.

165 2351 228 2432 [32.
253 2349 292 2413 ίδ
301 2373 322 2434 η
344 2349 443 2430 χωρὶς
464 2353 525 2414 τοῦ
547 2365 577 2415 σ.
601 2351 656 2435 VJ

128 2439 130 2442 ⁵
168 2454 218 2515 33.
254 2443 332 2514 οὔτε
360 2449 450 2533 παρὰ
474 2448 655 2542 Ζηνοδότφ
684 2448 762 2519 οὕτε
790 2448 869 2537 παρ’
889 2448 1118 2539 Ἀριστοφάνει
1139 2444 1192 2537 ἦν.

29 2603 30 2606 ¹
86 2555 139 2621 καὶ
162 2551 289 2640 μήποτε
313 2552 465 2637 περιττός
485 2553 586 2620 έστιν.
610 2557 652 2622 A.

170 2678 222 2737 44.
255 2673 550 2757 τειρομένους·
574 2676 611 2740 ἐν
630 2680 668 2763 τῇ
690 2671 954 2762 Ἀριστοφάνους
973 2676 1027 2742 καὶ
1049 2657 1195 2742 Μασσα-

83 2778 220 2861 λιωτικῇ
240 2775 295 2838 καί
311 2767 492 2862 Ἀργολικη
514 2772 623 2856 οὕτως
645 2779 782 2864 ἐφέρετο
801 2780 1116 2862 κτεινομένους.
1141 2774 1196 2840 καὶ

85 2879 175 2942 ἔστιν
201 2871 473 2961 έμφατικσίτερον
501 2883 562 2944 τοῦ
584 2872 875 2964 τειρομένους.
891 2879 905 2966 Η
921 2879 1062 2945 ΑΒ.-
1020 2873 1195 2957 -οῧτως

79 2974 281 3064 Ηρακλέων.
384 3053 386 3056 ,

166 3084 218 3145 49.
248 3074 491 3165 Ἀριστοφάνης
513 3077 594 3166 μετά
621 3086 683 3147 τοῦ
705 3099 725 3148 σ
748 3087 921 3169 βοωπις·
947 3082 1002 3150 καλ
1024 3084 1115 3150 ἔστιν
1138 3079 1196 3148 εὐ-

40 3263 44 3266 ,
84 3183 322 3269 φραδέστερον.
344 3182 385 3249 A.

169 3305 221 3366 50.
266 3295 525 3368 ἀθανάτοισι
557 3308 769 3398 καθίζοις·
808 3304 844 3370 ἐν
876 3313 946 3381 ταῖς
979 3304 1197 3418 εἰκαιοτέραις

84 3393 342 3470 ἀθανάτοισι
366 3413 522 3470 θεοῖσι.
546 3392 589 3469 A.

169 3510 220 3571 53.
245 3500 354 3583 οὕτως
371 3501 427 3570 διὰ
443 3510 505 3571 τοῦ
520 3505 559 3588 γε’
583 3505 706 3572 ἐτεόν
731 3532 775 3591 γε
803 3507 857 3572 καὶ
879 3501 1131 3592 Ἀριστοφάνης.
1153 3506 1195 3571 A.

170 3613 306 3675 56-77.
330 3605 385 3674 καλ
404 3603 494 3692 παρά
511 3603 745 3692 Ἀριστοφάνει
771 3606 946 3693 ἠθέτηντο.
970 3609 1012 3674 A.
1077 3625 1085 3632 '

170 3715 220 3776 64.
243 3704 352 3786 οὕτως
374 3703 576 3792 ἀνστήσει
599 3704 645 3774 όν
668 3711 703 3774 αί
719 3705 951 3796 Ἀριστάρχου,
972 3708 1061 3789 τινές
1079 3710 1117 3776 δέ
1136 3705 1198 3774 ἀν-

84 3809 237 3897 στήσειεν
258 3806 314 3876 διά
336 3814 398 3876 τοῦ
418 3835 442 3876 ε.
465 3809 655 3894 Ζηνόδοτος
673 3809 709 3884 δὲ
731 3807 794 3878 ἀπὸ
822 3816 884 3878 τοῦ
900 3814 1088 3896 εΠηλείδεοι
1112 3806 1198 3894 Ἀχι-

85 3918 182 3998 λῆος’
205 3912 268 3990 ἕως
287 3916 349 3977 τοῦ
373 3914 572 3998 “λισσομε’νη
595 3915 748 3998 τιμῆσαι’
773 3909 849 3979 οὐδ’
869 3908 956 3992 ὅλως
971 3915 1128 3999 ἔγραφεν.
1152 3913 1195 3977 A.

168 4020 219 4079 71.
240 4009 450 4100 Ἀρίσταρχος
472 4013 509 4079 δὲ
526 4009 649 4101 Ἴλιον
672 4014 941 4102 ἐκπέρσωσιν.
966 4017 1009 4081 A.
1038 4016 1089 4081 Of.
1114 4015 1195 4087 BL..

83 4117 139 4182 ubi
156 4141 216 4204 pro
236 4116 427 4183 An'stareho
449 4114 538 4194 τινὲς
557 4115 594 4206 δέ
614 4157 658 4168 --
678 4143 730 4204 χρ.

169 4222 219 4284 72.
243 4213 352 4296 οὕτως
368 4212 580 4304 Ἀρίσταρχος
598 4219 698 4305 χωρὶς
716 4223 779 4284 τοῦ
800 4237 820 4284 σ
840 4214 967 4283 παύω.
991 4216 1033 4281 A.

165 4321 218 4386 De
242 4323 282 4384 79
304 4321 345 4386 V.
366 4321 408 4388 of.
428 4322 544 4388 Lehrs.
567 4321 763 4410 ap.Fried1.
787 4320 966 4386 Aristonic.
990 4340 1022 4406 p.
1042 4320 1114 4382 241.
