2866 4882
1159 377 1222 442 327

112 532 208 596 modo
229 535 413 617 possumus.
458 534 581 598 Verum
600 535 702 617 enim,
730 536 815 623 patri
837 535 1040 624 Thucydidis
1063 544 1108 625 si,
1135 545 1222 631 quod

112 630 261 697 nonnulli
287 633 511 716 affirmabant,
545 634 638 700 Oroli
658 657 764 724 neque
786 659 865 702 vero
887 639 979 704 Olori
1000 663 1120 707 nomen
1142 655 1221 730 erat,

111 735 258 822 profecto
281 734 322 799 de
341 735 543 822 Thucydidis
567 743 600 800 ot
619 736 777 802 Miltiadis
796 741 989 824 cognatione
1012 751 1119 806 actum
1141 753 1221 810 erat.

112 837 260 924 Apparet
282 837 391 921 igitur,
421 835 498 921 quid
521 836 585 900 sibi
606 839 747 902 auctoris
768 839 856 904 vitae
878 841 920 906 ad
941 842 1122 928 Didymum
1140 845 1222 910 velit

111 938 301 1024 provocatio
326 938 368 1002 de
389 935 575 1001 reiectanea
595 937 735 1003 nominis
750 933 891 1022 Ὄρολος
914 944 1086 1030 scriptura.
1131 944 1221 1025 Quid

14 1114 16 1118 ,
107 1038 239 1103 multa?
279 1039 311 1102 A
332 1037 459 1102 mendis
484 1039 606 1124 apertis
629 1037 835 1106 liberandum
864 1052 913 1106 est
935 1065 1006 1130 cap.
1032 1048 1082 1109 16.
1125 1047 1221 1112 Ferri

110 1142 224 1228 nequit
255 1137 452 1205 vocabulum
469 1136 573 1203 Ιἐστί.
618 1140 762 1228 Requiro
789 1143 843 1207 vel
866 1145 1026 1222 ἔψευσται
1051 1147 1106 1212 vel
1128 1147 1221 1230 doza-

107 1245 241 1308 δίοισται
263 1241 318 1306 vel
340 1240 446 1305 simile
469 1240 558 1328 quid.
605 1245 781 1308 01101200
799 1245 936 1311 formam
955 1250 1131 1332 genuinam
1148 1269 1220 1313 esse

108 1354 145 1409 ut
166 1346 403 1409 demonstraret
416 1342 580 1427 Didymus
604 1344 647 1407 ad
667 1345 912 1432 inscriptionem
935 1349 1032 1412 etiam
1054 1371 1141 1420 nuuc
1155 1371 1220 1414 ser·

109 1454 219 1511 vatam
241 1447 311 1518 sive
330 1443 501 1509 columnae
522 1444 660 1508 incisam
683 1431 753 1510 sive
775 1447 989 1534 sepulcralem
1006 1449 1138 1514 titulum
1147 1471 1219 1536 pro
1294 1509 1296 1514 .

110 1549 252 1611 vocavit.
296 1546 412 1631 Itaque
430 1545 677 1610 rescribendum
699 1557 749 1611 est
769 1541 821 1612 ὅτι
841 1548 905 1631 γὰρ
917 1543 1059 1632 ”oropus
1077 1547 1174 1630 ἐστιν,
1188 1559 1220 1615 ct

107 1671 141 1736 q.
165 1671 192 1712 s.
210 1687 254 1700 —
275 1648 346 1711 Iam
370 1669 449 1712 vero
477 1668 550 1712 cum
574 1657 691 1734 pergat
719 1649 929 1714 Marcellinus
957 1646 1041 1733 πρὸς
1066 1645 1129 1734 γὰρ
1149 1659 1220 1726 ταῖς

110 1753 268 1815 Melosios
286 1787 329 1796 —-
348 1759 564 1829 προσιστορεῖ
580 1749 678 1818 facile
698 1753 771 1837 quis
793 1751 905 1815 induci
923 1751 1037 1837 possit,
1058 1761 1095 1815 ut
1116 1750 1219 1838 suspi-

109 1862 200 1916 cetur
214 1859 397 1933 auctorem,
409 1872 482 1914 cum
497 1850 597 1915 semel
613 1851 783 1916 columnae
802 1851 994 1938 sepulcralis
1008 1852 1219 1932 meminisset,

108 1962 264 2039 tanquam
283 1953 316 2014 in
333 1959 523 2016 transcursu
541 1952 764 2018 Oimoniorum
783 1953 880 2026 etiam
896 1951 1118 2038 sepulcrorum
1131 1973 1219 2014 men·

109 2056 231 2118 tionem
251 2053 379 2116 fecisse.
425 2050 521 2131 Quod
543 2076 585 2117 ne
607 2055 660 2117 oui
679 2053 835 2140 probetur
859 2061 972 2118 vetant
993 2050 1095 2115 verba
1114 2051 1218 2133 δῆλον

110 2150 163 2220 ὅτι
181 2159 242 2219 τοῦ
266 2147 456 2217 Μιλτιάδου
478 2156 575 2235 γέυος
596 2149 705 2230 ὄντος.
733 2152 826 2231 ξένος
849 2149 912 2237 γὰρ
935 2148 1047 2226 οὐδεὶς
1066 2149 1136 2214 ἐκεῖ
1150 2148 1218 2213 θά-

111 2279 235 2320 πτεται.
280 2255 434 2321 Continet
460 2257 547 2330 enim
580 2261 610 2338 g.
642 2259 679 2318 17
712 2265 938 2341 argumentum
972 2251 1104 2315 tertium
1139 2271 1218 2316 sane

111 2379 206 2444 quam
229 2357 469 2442 gravissimum,
492 2356 535 2420 ab
555 2377 707 2444 anonym.
728 2361 792 2437 §.1
818 2375 944 2442 quoque
967 2373 1019 2437 ap.
1041 2349 1217 2416 Westerm.

108 2457 214 2543 biogr.
234 2481 265 2543 p.
288 2460 350 2521 200
371 2457 543 2543 prolatum.
586 2455 640 2522 En
662 2457 724 2522 tibi
745 2451 925 2539 τεκμήριον
946 2449 1119 2534 perraros!
1141 2452 1218 2515 Per-

111 2561 269 2641 venimus,
290 2582 354 2645 quo
375 2559 549 2623 voluimus.
594 2559 737 2645 quuae,
760 2553 884 2635 amabo,
907 2549 1008 2616 verba
1028 2550 1144 2615 melius
1166 2573 1240 2615 co·-

110 2662 254 2742 haerent,
277 2682 374 2746 quam
394 2656 449 2723 καὶ
466 2660 624 2743 μέγιστον
643 2655 870 2740 τεκμήριον
892 2651 1110 2736 (νομίζουσι)·
1133 2645 1218 2734 πρὸς

111 2759 187 2845 γὰρ
216 2771 285 2837 ταῖς
309 2766 467 2826 Μελιτίσι
497 2752 866 2837 notate-huntam?
910 2751 1016 2832 Quam
1041 2751 1217 2818 verborum

109 2864 395 2949 transpositionem
422 2861 487 2927 nisi
516 2862 702 2938 admiseris,
734 2871 839 2939 neque
869 2851 932 2934 γάρ
955 2851 1089 2916 habebit
1113 2874 1176 2940 quo
1200 2871 1217 2916 e

109 2964 240 3048 linguae
270 2972 302 3027 et
329 2966 465 3030 rationis
490 2963 618 3049 legibus
638 2962 706 3024 iure
728 2953 906 3035 referatur,
935 2975 1041 3040 neque
1059 2953 1217 3036 μέγιστον

109 3061 290 3148 τεκμήριον
309 3087 426 3130 revera
447 3063 676 3150 gravissimum
694 3057 756 3120 erit
776 3062 1014 3138 argumentum.
1060 3054 1127 3135 Qui
1148 3053 1217 3118 Rit-

109 3175 178 3232 tero
198 3167 233 3229 in
250 3173 392 3231 mentem
413 3169 526 3232 venire
548 3158 704 3248 potuerit,
731 3166 768 3220 ut
790 3159 820 3236 ξ.
844 3159 894 3219 16.
921 3158 957 3217 17
987 3154 1217 3241 proscriberet,

109 3268 258 3354 quamvis
287 3289 353 3331 non
378 3267 474 3331 modo
502 3269 531 3343 ξ.
558 3264 596 3324 16
622 3256 786 3342 Didymus
806 3254 1010 3340 laudaretur,
1044 3257 1103 3322 sed
1123 3256 1216 3322 Pole-

108 3369 214 3442 monis
229 3369 326 3432 etiarn
346 3367 502 3432 memoria
520 3362 585 3424 nisi
599 3359 745 3443 Didymo
758 3357 815 3421 alii
827 3355 1001 3421 deberetur
1016 3356 1108 3438 nulli,
1130 3357 1218 3422 haud

108 3468 205 3532 facile
233 3468 368 3532 dixeris.
412 3468 482 3529 larn
506 3464 535 3527 si
555 3461 690 3525 dubium
712 3480 785 3522 esse
806 3478 872 3522 non
892 3467 1000 3543 potest
1022 3458 1101 3543 quin
1124 3461 1154 3538 ξ.
1179 3461 1217 3520 17

109 3570 205 3632 etiam
239 3568 419 3654 Didymum
452 3572 616 3629 auctorem
645 3568 815 3645 agnoscat,
849 3558 964 3621 Corais
998 3559 1218 3622 coniecturam

103 3664 258 3753 Ἡρώδου
287 3669 345 3756 pro
372 3665 510 3750 vulgata
533 3658 735 3747 Ἡροδότου,
764 3659 914 3746 quamvis
935 3657 1217 3743 palaeographicis

106 3771 286 3836 rationibus
312 3769 417 3854 (Bast.
435 3789 468 3852 pi
493 3764 569 3850 812)
594 3764 673 3828 satis
693 3759 1000 3840 commendabilem,
1021 3757 1063 3820 ab
1082 3755 1219 3821 historia

107 3895 172 3936 non
197 3872 276 3936 satis
301 3869 459 3938 munitam
480 3886 670 3952 respuamus
695 3883 830 3927 necesse
855 3853 916 3925 est.¹
961 3858 1103 3924 Herodis
1132 3858 1218 3920 enim

102 3973 224 4054 Attici,
257 3993 353 4057 quem
383 3977 511 4034 constat
541 3967 701 4050 originem
732 3962 774 4028 ab
804 3961 1023 4028 Aeacidarum
1055 3957 1217 4044 prosapia,

105 4072 253 4138 Miltiade
262 4063 508 4158 ¹),Cimoneq'ue
532 4066 670 4133 ducibus
692 4065 851 4151 repetisse
872 4084 955 4149 eque
975 4059 1105 4125 filiabus
1120 4077 1218 4122 unam

178 4201 200 4266 Ι)
218 4202 358 4252 Fortassis
376 4199 514 4251 Miltiades
533 4196 615 4248 etiam
632 4194 738 4248 Atticis
756 4198 783 4244 et
799 4191 925 4242 Paterius
943 4162 1087 4239 inanthol.
1102 4186 1214 4253 Cephal.

103 4307 132 4346 a.
151 4291 202 4344 588
221 4305 251 4358 ρ,
269 4290 304 4342 80
320 4287 388 4342 Rslr.
408 4284 611 4339 commemorati
629 4282 746 4336 Herodis
767 4278 878 4350 cognati
896 4276 1006 4329 luerint.
