2894 4890
1156 366 1216 428 217

193 531 287 613 Fere,
308 538 344 594 ut
363 528 545 616 Didymus,
570 530 675 594 locum
694 531 838 614 graviter
861 539 1047 615 corruptum
1076 532 1218 598 restituit

33 663 34 666 ¹
108 631 274 717 Bergkius
296 655 328 717 p.
353 634 392 694 24
423 630 473 694 ed.
495 633 513 692 2
539 624 580 693 δν
607 626 712 715 πατὴρ
744 634 810 715 ἔχει
841 629 918 708 πάϊς
944 626 962 696 ὁ
990 635 1056 708 Γάς
1086 630 1217 716 ἑτοίμου

110 730 301 817 πάρεδρον,
325 728 422 807 πόσις
443 725 601 796 ἁπάντων
619 727 703 809 Ῥέας
726 726 913 816 ὑπέρτατον
927 734 1056 816 ἐχοίσας
1074 732 1218 818 θρόνον,

110 839 214 901 eiecto
240 829 331 923 αύτῷ
358 832 554 918 glossemate
582 835 773 900 manifesto:
803 837 867 900 nisi
897 836 984 922 quod
1005 835 1170 922 Didymus
1198 831 1217 900 δ

111 923 246 1003 πάντων
276 935 436 1020 arripiens
464 934 644 1020 hyperbato
673 960 737 1001 non
767 938 902 1004 ferendo
925 939 967 1001 ad
988 934 1097 1020 πατήρ
1121 937 1166 1023 (h.
1188 961 1216 1002 e.

111 1040 285 1121 Saturnus,
309 1040 393 1126 Plat.
416 1039 540 1126 Cratyl.
561 1043 621 1102 404
634 1039 679 1124 Α)
700 1038 811 1103 retulit
829 1047 861 1102 et
883 1038 1023 1103 fortasse
1044 1035 1179 1121 Κρόνος
1199 1032 1217 1103 ὁ

110 1143 178 1216 Γάς
205 1139 294 1225 legit.
346 1141 590 1228 Aristarcheam
626 1163 701 1205 vero
737 1139 909 1204 lectionem
938 1141 1025 1205 idem
1052 1142 1218 1225 Bergkius

111 1242 215 1307 fuisse
238 1251 331 1328 putat
360 1237 400 1306 δν
427 1238 535 1324 πατὴρ
559 1241 623 1322 ἐχει
648 1290 655 1305 .
679 1290 685 1304 .
711 1290 717 1303 .
741 1237 938 1321 ςπάρεδρον
957 1240 1073 1318 πόσιος
1095 1238 1112 1306 ὁ
1133 1239 1219 1308 πάν-

113 1365 179 1407 των
207 1337 294 1419 Ῥέας
325 1338 455 1408 ύπατου
494 1342 622 1425 ἐχοίσας
662 1352 736 1417 παῖς
772 1337 904 1425 θρόνον
947 1343 1000 1406 vel
1034 1337 1076 1408 δν
1111 1340 1218 1428 πατὴρ

113 1441 249 1508 πάντων
272 1446 337 1527 ἔχει
360 1443 492 1528 ἑτοῖμον
515 1438 606 1530 αὐτῷ
626 1441 794 1524 πάρεδρον
815 1440 948 1527 πόσιος,
970 1439 1018 1508 τόν
1041 1457 1116 1522 παῖς
1132 1440 1220 1525 Ῥέας

112 1539 299 1628 ὑπέρτατον
325 1547 454 1629 ἐχοίσας
482 1543 613 1628 θρόνον
644 1546 699 1631 (cf.
725 1546 788 1608 Ed.
814 1545 974 1610 Gerhard.
997 1569 1049 1632 ap.
1071 1549 1217 1614 Boeckh.
1333 1541 1335 1544 ¹

110 1671 141 1734 p.
167 1649 232 1732 81).
278 1650 329 1713 Ac
351 1651 421 1713 iure
443 1650 558 1714 merito
580 1645 743 1730 Bergkius
768 1640 858 1732 αύτῷ
880 1650 1088 1735 proscripsit,
1110 1656 1221 1716 HAIO

110 1770 208 1831 vero,
236 1752 323 1836 quod
346 1750 560 1815 similitudine
590 1748 816 1834 subsequentis
845 1748 998 1813 vocabuli
1021 1754 1106 1815 FAC
1128 1751 1220 1816 facil-

111 1849 188 1920 lime
213 1874 346 1936 pessum
374 1851 445 1915 dari
472 1860 615 1937 poterat,
650 1850 886 1914 emendandum
919 1851 954 1912 in
979 1849 1080 1933 γόνος
1107 1846 1125 1918 ό
1154 1857 1220 1930 Γᾶς

113 1973 184 2037 esse
212 1953 370 2036 arbitror,
401 1962 438 2017 ut
471 1953 606 2036 vulgata
635 1951 729 2014 lectio
760 1947 892 2033 Κρόνος
926 1952 1117 2037 explicatior
1150 1954 1217 2019 fiat.

59 2041 68 2054 ⁰
111 2053 179 2116 Fac
187 2104 196 2137 ,
223 2063 258 2118 ut
280 2055 390 2119 verbis
414 2051 514 2136 γόνος
540 2045 557 2118 ό
581 2056 656 2135 γάς,
687 2075 706 2115 a
727 2052 872 2137 Didymo
900 2055 1009 2116 verbis
1032 2048 1048 2117 ὁ
1073 2059 1131 2136 τῆς
1151 2059 1219 2138 Γης

112 2165 187 2231 παίς
210 2157 389 2241 expressis,
423 2155 675 2240 superscriptum
701 2153 799 2216 fuerit
822 2150 972 2235 Κρόνος,
1006 2156 1100 2220 vides
1122 2158 1219 2222 inter-

110 2265 347 2342 pretamentum
378 2255 440 2320 hoc
477 2254 632 2318 facillime
665 2276 723 2339 pro
749 2254 844 2331 uaria
871 2252 1011 2320 lectione
1034 2259 1138 2344 accipi
1163 2281 1218 2344 po-

111 2361 228 2441 tuisse,
258 2359 450 2444 praesertim
473 2379 546 2422 cum
574 2379 639 2420 non
662 2354 799 2420 multum
820 2355 1043 2442 discreparent
1062 2355 1164 2442 γόνος
1187 2370 1233 2426 et·

45 2460 47 2463 ’
112 2456 254 2543 Κρόνος.
657 2548 675 2606 6

196 2661 248 2726 Ol.
270 2665 302 2725 Γ
319 2662 417 2725 inscr.
441 2685 473 2748 p.
496 2663 534 2723 91
560 2662 717 2744 ζητεῖται,
744 2657 800 2724 διά
822 2663 856 2725 τί
874 2657 919 2744 μη
934 2662 996 2726 Διῒ
1013 2666 1141 2746 μᾶλλον
1163 2653 1218 2729 ού-

112 2787 167 2840 τος
189 2759 330 2846 ηὔξατο,
352 2750 380 2849 ᾦ
399 2751 497 2838 οὗτος
518 2755 536 2824 ό
560 2757 654 2844 άγων
674 2757 862 2847 άνάκειται,
884 2756 1078 2847 ἢἩρακλεῑ
1097 2769 1143 2854 τῷ
1163 2790 1218 2830 κα-

112 2869 262 2949 ταβολεῑ,
285 2858 369 2927 άλλόι
387 2859 629 2946 Διοσκούροις;
658 2861 769 2947 φαμὲν
794 2854 858 2928 οὖν
873 2869 1035 2950 πρῶτον,
1060 2861 1112 2932 ότι
1135 2863 1219 2951 πρὸς

111 2962 147 3032 τό
179 2961 288 3047 παρόν
318 2967 401 3028 εἰσιν
433 2958 529 3028 αὐτοὶ
558 2964 593 3027 οί
617 2966 825 3042 διοικοῦντες
852 2962 912 3030 τόν
940 2961 1072 3052 άγωνα,
1107 2969 1221 3032 ἔπειτα

111 3065 181 3133 ὅτε
203 3063 289 3143 Ζεύς
313 3064 368 3130 καὶ
387 3059 562 3147 Ἡρακλῆς.
613 3060 630 3130 ὁ
660 3061 986 3153 δὲἈρίσταρχός
1017 3084 1100 3152 φησι
1129 3065 1219 3152 παρὰ

111 3180 179 3246 τοῖς
198 3163 468 3253 Ἀκραγαντίνοις
490 3163 546 3231 διά
565 3169 660 3251 τιμῆς
684 3162 769 3233 εἶναι
798 3164 877 3245 τούς
899 3166 1136 3254 Διοσκούρους
1164 3170 1219 3236 καὶ

111 3273 238 3359 πατρίῳ
270 3271 342 3334 ἔδει
375 3266 430 3332 καὶ
457 3271 523 3332 νύν
556 3262 680 3346 αύτούς
712 3272 869 3352 χρῆσθαι.
914 3264 931 3333 ὁ
964 3270 1007 3336 δέ
1033 3272 1221 3355 Δίδυμος

111 3365 369 3454 ίστορικοότερόν
396 3388 478 3452 φησι
506 3365 561 3435 διὰ
588 3366 625 3434 τό
654 3369 714 3434 τὸν
737 3368 881 3454 Θήρωνα
908 3366 1045 3436 άνωδεν
1070 3367 1220 3455 Ἀργεῖον

113 3469 206 3538 εἶναι.
252 3474 413 3554 τιμῶνται
438 3467 475 3534 δὲ
503 3467 585 3534 κατά
607 3465 645 3536 τό
658 3463 779 3554 ’Ἁργος
798 3472 853 3536 καὶ
872 3467 935 3554 τὴν
952 3469 1218 3557 Πελοπόννησον

111 3576 146 3639 οί
172 3571 391 3655 Διόσκουροι.
436 3572 510 3636 Vet.
540 3572 638 3646 schol.
669 3577 689 3654 ᾗ
716 3574 772 3637 Ex
804 3574 875 3638 cod.
898 3574 990 3638 Vrat.
1023 3574 1055 3636 A
1082 3577 1221 3640 accessit

111 3678 269 3758 ζητεῖται,
299 3677 332 3738 τί
355 3671 478 3757 δήποτε
507 3668 525 3736 ὁ
559 3675 730 3758 Πίνδαρος
750 3668 973 3756 Ὀλυμπιακὸν
1001 3668 1113 3756 ύμνον
1135 3673 1219 3758 γρά-

111 3799 188 3858 φων
218 3769 347 3856 εὔχεται
376 3785 445 3850 τοῖς
473 3764 701 3857 Διοσκούροις
737 3785 914 3858 προσηνεῖς
948 3777 988 3860 τῇ
1022 3767 1094 3860 aida}
1126 3777 1221 3858 γενέ-

111 3883 203 3940 σθαι.
248 3875 349 3957 ἐχρῆν
375 3871 438 3957 γάρ
466 3870 531 3957 άροι
547 3869 711 3958 Ἡρακλέα
738 3870 799 3939 τόν
823 3876 984 3938 διαθέντα
1014 3870 1075 3940 τόν
1096 3870 1221 3958 ,άγοόνα

111 3982 381 4042 κατακαλεῐσθαι.
423 3971 690 4060 Ἀρίσταρχος
713 3973 788 4058 μέν
809 3965 874 4040 οὖν
896 3971 957 4056 τὴν
978 3970 1123 4058 άπορίαν
1144 3978 1218 4040 δια-

110 4076 203 4143 λύων
226 4073 306 4153 τούς
326 4071 432 4152 θεούς
456 4073 599 4152 τούτους
623 4072 758 4159 σφόδρα
783 4075 820 4140 ἐν
838 4070 1039 4160 Ἀκράγαντί
1065 4096 1147 4158 φησι
1167 4101 1219 4141 τι-

109 4181 249 4260 μάσδαι.
294 4177 328 4241 ol
342 4179 380 4241 δέ
400 4194 482 4259 φασι
505 4178 687 4254 δεοξενίων
709 4173 818 4242 όντων
837 4176 891 4240 καὶ
915 4175 1129 4258 κεκλημένων
1150 4181 1220 4241 τῶν

110 4272 351 4363 Διοσκούρων,
391 4280 438 4355 είς
469 4275 508 4343 τά
542 4278 696 4355 θεοξένια
728 4278 788 4343 τὸν
823 4276 979 4360 ΘήρωναΧ
998 4283 1148 4363 νικῆσαι,
1193 4267 1223 4366 ηδ
