2752 4890
601 845 602 848 ‘
641 813 688 908 ΙΙ.

211 1001 608 1090 οοιοιουνιειο
636 1001 709 1086 ΕΤ
738 1003 1136 1090 ουοουειοοοε.

656 1228 690 1306 l·

174 1370 228 1442 Ἐα
250 1377 319 1439 τών
340 1365 498 1456 Διδόμου
521 1370 597 1455 περὶ
618 1375 677 1456 τῆς
695 1366 912 1458 Ἀριστάρχου
934 1371 1163 1460 διορθώσεως.

201 1527 308 1596 Sehol.
331 1527 374 1592 ad
396 1532 426 1592 P
443 1530 504 1592 607
534 1522 655 1604 Οὕτως.
674 1525 711 1592 δὲ
729 1525 841 1611 μόνως
863 1523 1006 1620 φησλνὸ
1033 1530 1225 1613 Δίδυμος

116 1631 159 1696 ἐν
184 1640 253 1707 τοῖς
277 1631 531 1714 διορθωτικολς·
549 1630 628 1700 ,τοὶ
656 1624 689 1694 δ’
718 1627 909 1716 ἐβόησαν.
950 1624 1134 1716 ἀβέλτερον
1162 1625 1226 1716 χάρ

115 1734 233 1809 τελέως
255 1729 292 1798 τό
325 1730 388 1797 τοί
413 1727 445 1796 δ’
476 1728 702 1815 ἐφόβηθεν.
748 1725 790 1797 οὐ
815 1730 880 1817 μάρ
902 1727 1109 1826 φεύγουσιν,
1141 1728 1226 1800 ἀλλά

114 1830 310 1900 διώκουσιν.
368 1833 424 1900 καί
462 1832 515 1899 ἐπὶ
544 1828 744 1918 Πατρόκλου
773 1827 810 1898 τὰ
845 1828 982 1918 ὅμοιον·
1010 1834 1063 1902 ἐπὶ
1091 1831 1126 1900 δ’
1156 1841 1225 1919 λαχε
1295 1895 1297 1900 .

115 1932 195 2014 λαός
215 1930 339 2002 ὄπισθε
361 1933 510 2020 Τρωϊκός
536 1935 701 2024 (713111.
724 1934 777 2000 De
797 1958 854 2002 vv.
877 1931 985 2016 οὕτως
1010 1931 1123 2021 μόνως
1141 1939 1173 2002 h.
1196 1961 1223 2002 e.

115 2038 246 2103 lectio
267 2039 387 2104 unice
409 2062 509 2104 vera
534 2040 577 2104 cf.
603 2041 631 2102 0
654 2041 705 2104 86.
1077 2103 1079 2106 .
1170 2027 1172 2034 ¹

201 2142 232 2204 Φ
261 2142 321 2203 110
363 2134 574 2226 Ἀρίσταρχός
606 2158 690 2225 φησι
717 2137 780 2225 τὴν
814 2140 871 2207 ἐπί
899 2134 1126 2225 ἀναστρέψαι,
1168 2143 1223 2206 ἵνα

116 2244 260 2326 σημαίνῃ
277 2236 314 2305 ιδ
338 2242 510 2308 ἔπεστιν
538 2237 660 2327 ὁμοίως
679 2246 725 2333 τῷ
752 2245 820 2338 ξσςό
841 2243 919 2330 (leg.
940 2242 1007 2327 σοί)
1028 2236 1063 2307 δ’
1088 2244 1144 2308 ἔπι
1165 2239 1225 2328 μὲν

116 2337 230 2428 μορφὴ
254 2342 380 2408 ἐπέων
404 2344 539 2433 (Odyss.
561 2351 580 2410 λ
603 2348 681 2434 367)
713 2384 756 2398 -
790 2339 898 2421 οῧτως
920 2345 986 2426 ἔχει
1007 2340 1046 2408 τά
1069 2349 1129 2430 τῆς
1151 2340 1226 2412 ἀνα·

116 2442 283 2538 γνώσεως.
300 2445 341 2511 Α.
365 2445 545 2532 Herodian.
561 2469 593 2533 p.
611 2451 672 2512 319
687 2446 802 2512 Lehrs.
820 2444 981 2510 Στιιιτόον
999 2443 1036 2510 δὲ
1049 2485 1093 2496 -
1111 2439 1158 2524 ὡς
1172 2446 1225 2514 καὶ

116 2545 260 2636 Διδόμρι
282 2549 377 2613 δοκεῖ
401 2546 437 2612 ἐν
456 2551 497 2634 τῇ
509 2546 704 2634 διορθώσει.
728 2547 797 2614 cfr.
810 2545 954 2612 Nicanor
975 2569 1008 2633 p.
1022 2550 1081 2612 261
1099 2548 1224 2614 Friedl.

116 2649 189 2722 coll.
208 2674 240 2738 p.
265 2653 335 2714 105.
361 2652 431 2714 106.
534 2693 535 2696 =
1204 2641 1206 2646 ¹

199 2745 409 2835 Ἀρίσταρχος
439 2750 539 2836 χωρὶς
571 2754 634 2818 τοῦ
663 2768 684 2818 σ
716 2754 845 2838 δείλη.
890 2753 930 2820 Α.
966 2751 1039 2818 Ηοο
1070 2756 1120 2814 est
1147 2747 1224 2814 Did.

117 2852 217 2918 schol.
240 2849 276 2918 τὸ
300 2854 336 2918 δὲ
360 2855 475 2938 δείλη
500 2855 600 2937 χωρίς
618 2858 680 2920 τοῦ
700 2871 731 2939 σ,
755 2850 800 2932 ώς
823 2871 906 2939 φησι
929 2855 1090 2937 Δίδυμος.

202 2954 381 3021 Herodian.
406 2958 537 3044 prosod.
562 2956 600 3021 ΙΙ.
622 2959 657 3022 Ω
677 2961 738 3020 547
758 2979 790 3043 p.
815 2959 877 3020 335
900 2955 1015 3020 Lehrs.
1041 2947 1155 3020 Ἐπεί
1180 2975 1225 3037 με

117 3061 281 3143 πρώτον
309 3055 448 3136 ἔασας·
477 3056 618 3124 δασύνει
646 3061 799 3143 Δίδυμος
823 3054 861 3125 τό
890 3056 1013 3136 ἔασας
1037 3054 1075 3119 ἐν
1104 3053 1225 3142 πρώτῳ

117 3159 138 3222 δ
144 3163 420 3242 ιορθοιτικών.
445 3159 537 3225 Νἱεὶ
557 3182 616 3246 pro
639 3157 761 3248 πρώτῳ
784 3161 830 3248 (h.
847 3183 875 3226 e.
899 3159 957 3243 αφ)
981 3158 1157 3244 legendum
1180 3163 1227 3222 est

117 3262 177 3346 ωῳ,
198 3258 404 3346 διορθωτικό
427 3283 446 3355 ε
465 3259 647 3346 διορθώσει
668 3263 901 3348 distinguenda
920 3269 1025 3326 erunt.

121 3449 122 3454 ἵ
201 3368 230 3430 Β
260 3367 316 3426 111
355 3359 458 3441 Ζεύς
490 3387 536 3448 με
572 3363 910 3448 μέγα-Κρονίδης
943 3357 1016 3448 ἀτη
1053 3360 1225 3445 ἐνέδησε

117 3468 281 3551 βαρείη.
326 3459 484 3550 σχολικὸν
512 3460 665 3551 ἀγνόημα
692 3461 729 3533 τδ
761 3467 874 3531 δοκεῖν
892 3461 1117 3548 Ζηνοδότειον
1143 3457 1225 3526 εἶναι

117 3565 180 3652 τὴν
201 3564 282 3651 μετὰ
308 3569 370 3631 τοῦ
396 3571 423 3631 ὅ
448 3562 584 3652 γραφὴν
608 3567 733 3653 μένας
756 3562 830 3632 ἀντὶ
850 3569 913 3631 τοῦ
934 3564 1046 3650 μέγα.
1091 3562 1147 3628 καὶ
1168 3561 1226 3627 δό-

117 3670 204 3746 ξειεν
231 3660 274 3731 ἀν
303 3662 370 3733 ὑπὸ
393 3672 583 3735 Διονυσίου
609 3674 670 3735 τοῦ
691 3663 825 3756 Θρᾳκὸς
846 3671 951 3732 ταῦτα
971 3663 1146 3732 δεδόσθαι.
1191 3664 1226 3728 ἐν

116 3766 253 3858 γὰρτῷ
281 3770 356 3855 περὶ
385 3769 582 3855 ποσοτητων
603 3768 810 3838 καθάπτεται
833 3764 1027 3852 Ζηνοδότου
1056 3762 1102 3844 ώς
1124 3762 1226 3852 ἡγνο-

116 3869 253 3957 ηκότος,
273 3867 325 3938 ότι
343 3875 390 3962 τῷ
409 3874 493 3957 μέγα
516 3871 590 3938 ἀντὶ
615 3876 678 3938 τοό
698 3869 850 3958 μεγάλως
860 3865 1005 3958 Ὅμηρος
1029 3864 1222 3956 ἀποχρῆται.
