2812 4868
155 315 239 382 '42

199 487 283 550 Nam
307 485 344 549 O.
364 485 401 548 F.
415 485 580 568 Rankius,
601 486 653 548 vir
677 494 709 549 et
729 486 1010 569 ingeniosissimus
1031 497 1063 551 et
1083 488 1159 552 huic
1181 491 1311 574 potissi-

197 610 284 651 mum
303 586 409 651 labori
433 588 461 650 si
482 587 660 682 quisalius
682 587 830 652 doctrina
852 589 1019 675 copiisque
1041 611 1109 675 par,
1133 591 1168 653 in
1190 613 1328 656 comm·

197 691 238 755 de
260 688 403 776 Hesych.
427 711 459 774 p.
484 692 543 754 135
566 711 664 754 cursu
684 690 822 778 viaque,
849 699 886 756 ut
907 690 1053 774 videtur,
1086 692 1208 774 fessus,
1235 692 1308 757 reli-

196 813 295 878 quum
323 790 384 855 hoc
412 791 537 856 itineris
566 792 720 878 spatium,
753 795 928 880 assumptis
961 792 1087 858 alarum
1117 793 1308 877 remigibus,

196 893 345 962 sublimis
374 889 636 978 praetervolans,
669 893 783 958 humili
812 895 895 981 pede
921 896 1089 980 permetiri
1113 894 1308 981 supersedit.

195 994 246 1060 Ac
273 994 371 1059 video
398 992 546 1080 profecto
567 994 674 1080 longis
703 1017 755 1060 me
783 994 948 1060 erroribus
975 1003 1083 1058 actum
1109 996 1168 1076 iri,
1202 1018 1308 1082 quem,

195 1097 367 1183 quominus
386 1117 516 1160 cursum
539 1089 725 1159 constanter
744 1104 862 1178 teneat,
885 1096 996 1181 ignoto
1017 1095 1135 1182 pelago
1152 1097 1308 1161 subfusae

196 1199 300 1262 noetis
324 1197 481 1282 caligines
504 1196 718 1284 impediturae
741 1198 821 1261 sint:
851 1205 923 1261 utut
945 1205 1009 1279 est,
1040 1199 1170 1264 ancoris
1193 1198 1308 1264 solutis

195 1319 310 1385 proras
333 1300 397 1362 iam
420 1299 454 1362 in
477 1320 566 1363 mare
588 1299 774 1385 prospicere
796 1297 926 1362 iubebo.

730 1470 779 1529 24.

282 1602 348 1667 Sed
369 1602 434 1667 iam
461 1604 567 1668 recisa
590 1602 802 1690 praefationis
830 1625 921 1686 mora
953 1602 1091 1667 fundum
1117 1603 1307 1690 disputatio-

196 1706 248 1770 nis
270 1704 386 1768 faciam
408 1704 515 1770 locum
535 1704 656 1770 Athen.
689 1705 849 1791 Deipnos.
874 1704 926 1768 XI
947 1729 979 1791 p.
1004 1708 1062 1768 501
1077 1705 1110 1768 D
1133 1708 1306 1785 Κρατίνου

197 1801 231 1870 θ’
262 1801 415 1883 εἰπόντος
442 1806 479 1871 ἐν
500 1805 702 1891 Δραπέτιοι·
749 1807 918 1890 εΔέχεοθο
945 1803 1069 1889 φιάλας
1086 1803 1183 1884 elgae
1201 1811 1307 1891 βαλα·

197 1905 443 1991 νειομφάλους’
478 1904 783 1993 Ἐρατοσθένης
810 1908 847 1972 ἐν
877 1932 911 1974 ια
940 1909 1017 1992 περὶ
1038 1911 1214 1996 κωμωδίας
1248 1911 1305 1997 (cf.

195 2010 377 2076 Bernhard.
405 2010 500 2078 Erat.
527 2034 559 2097 p.
584 2012 659 2098 228)
689 2005 750 2094 τὴν
779 2011 868 2087 λέξιν
896 2007 1033 2093 ἀγνοεῖν
1061 2028 1143 2094 φησι
1168 2008 1307 2078 Λυκό-

197 2134 342 2197 φρονα.
385 2115 453 2176 τῶν
480 2108 545 2197 γὰρ
572 2116 706 2197 φιαλῶν
729 2113 763 2177 oi
780 2106 926 2196 ὀμφαλοὶ
948 2110 1004 2176 καὶ
1026 2115 1095 2178 τεόν
1117 2117 1306 2198 βαλανείων

197 2214 232 2279 οἱ
254 2207 355 2278 θόλοι
384 2212 581 2299 παρόμοιοι,
616 2219 661 2292 είς
691 2213 727 2280 dl
756 2211 793 2278 τό
823 2209 911 2292 εἶδος
932 2208 996 2280 οὐκ
1021 2209 1205 2301 ἀρρύθμως
1228 2218 1307 2280 παί-

196 2317 317 2392 ζονται.
342 2309 463 2381 Ἀπίων
485 2312 522 2381 δὲ
540 2318 595 2381 καί
611 2313 787 2399 Διόδωρός
810 2316 948 2403 (Bergk.
965 2338 1080 2382 comm.
1102 2318 1142 2382 de
1160 2318 1305 2383 comoed.

196 2419 265 2482 Att.
288 2417 382 2504 reliq.
403 2441 436 2504 p.
451 2424 489 2485 65
513 2418 568 2484 καὶ
579 2413 772 2503 Ἡρόδωρος
793 2413 840 2496 ω”ς
860 2436 943 2502 φησι
963 2419 1020 2505 Π.)
1044 2414 1181 2501 (φιάλαι
1204 2422 1307 2501 ποιαί,

197 2509 247 2584 ὦν
263 2512 282 2584 ὁ
299 2513 451 2603 ὀμφαλὸς
469 2517 699 2605 παραπλήσιος
712 2517 842 2610 ἠθμῷ)
862 2514 879 2584 ὁ
899 2517 936 2586 δὲ
952 2516 1156 2603 Μυρλεανὸς
1168 2515 1308 2605 Ἀσκλη-

196 2623 317 2707 πιάδης
344 2624 381 2688 ἐν
406 2633 474 2700 τοῖς
495 2621 572 2704 περὶ
593 2626 780 2706 Κρατίνου·
816 2633 825 2664 ³
833 2617 1118 2708 βαλανειόμφαλοι
1140 2623 1306 2707 λέγονται,

196 2723 248 2794 ὅτι
277 2728 312 2791 ol
336 2721 483 2808 ὀμφαλοὶ
504 2719 618 2790 αὐτων
643 2724 789 2791 καὶτῶν
811 2727 999 2811 βαλανείων
1020 2724 1055 2788 οἱ
1074 2720 1175 2788 θόλοι
1194 2719 1309 2807 ὅμοιοί

197 2833 304 2896 είσιν.’
320 2829 375 2893 καὶ
386 2827 572 2910 Δίδυμος
585 2823 622 2892 δὲ
635 2821 680 2892 τὰ
693 2822 801 2892 αὐτοὶ
815 2823 919 2892 εἰπών
929 2829 1147 2910 παρατίθεται
1161 2819 1215 2912 (τὰ
1228 2825 1307 2890 add.

197 2932 358 3018 Toupius3
378 2930 418 2994 ‹le
437 2950 518 2994 voce
536 2932 753 3013 παρατίθεται
776 2929 818 2993 cf.
838 2929 964 2996 Hemst.
982 2928 1025 2993 ad
1037 2929 1096 2991 Ar.
1110 2925 1205 2990 Plut.
1230 2927 1306 3012 720)

197 3031 421 3116 Λυκόφρονος
443 3026 551 3106 οὕτως
572 3031 707 3112 ἔχοντα·
732 3025 816 3094 εοἰπό
837 3034 904 3094 των
920 3025 1084 3114 ὀμφαλῶν
1100 3031 1169 3093 των
1188 3027 1225 3090 ἐν
1240 3037 1308 3103 τοῖς

198 3136 402 3219 γυναικείοις
424 3131 575 3214 πυέλοις,
600 3125 686 3196 ὅθεν
707 3141 775 3208 τοῖς
797 3135 952 3215 σκαφίοις
970 3126 1166 3214 dodonem!
1200 3129 1307 3209 Quam

199 3235 330 3325 quidem
356 3233 549 3298 sententiam
579 3254 687 3316 suam,
720 3233 778 3298 ubi
799 3235 932 3300 tandem
954 3233 1180 3322 explanaverit
1202 3231 1309 3318 Didy-

198 3361 286 3419 mus,
318 3345 426 3403 utrum
454 3336 489 3398 in
517 3338 747 3402 commentario
783 3339 816 3402 in
846 3337 972 3403 Cratini
1000 3337 1173 3421 Fugitivos
1205 3355 1248 3397 an
1274 3334 1308 3396 in

198 3442 305 3508 lexico
325 3439 460 3518 comico,
485 3460 527 3502 ex
540 3436 709 3503 Athenaeo
728 3439 883 3525 colligere
901 3460 967 3502 non
982 3459 1165 3524 pessumus,
1188 3443 1307 3516 temen,

198 3553 235 3608 ut
256 3565 327 3608 eam
348 3544 487 3606 iniusto
511 3542 742 3606 commentario
766 3542 938 3627 aperuerit,
959 3553 1065 3627 neque
1086 3560 1107 3600 a
1126 3535 1232 3600 lexico
1256 3556 1307 3600 co·

198 3647 284 3710 mico
304 3645 437 3727 afuisse,
456 3665 562 3725 nemo,
586 3644 700 3729 opinor
715 3643 923 3726 inficiabitur,
945 3642 1001 3728 qui
1019 3640 1116 3704 modo
1133 3637 1307 3703 heecHes.

198 3748 216 3811 I
236 3770 268 3833 p.
286 3749 347 3810 684
364 3745 553 3814 contulerit:
575 3749 603 3810 Β
611 3740 1005 3828 αλανειομφόλονς,
1028 3736 1117 3805 οὕτω
1142 3743 1308 3822 Κρατῖνος

199 3841 354 3931 ὠνόμασε
383 3842 441 3923 τὰς
462 3845 602 3929 ἐχούσας
629 3841 805 3929 ὀμφαλοὺς
823 3839 906 3910 ἄνευ
927 3837 1114 3925 προςοόπων
1137 3838 1256 3916 ὁποίας
1277 3840 1312 3906 ολ

198 3945 298 4015 θόλοι
311 3949 334 4034 1)
361 3947 415 4014 ἐπὶ
441 3952 510 4012 των
537 3942 728 4032 ὀφθαλμῶν
750 3947 795 4012 ἐν,
808 3945 946 4023 πυέλοις
972 3945 1009 4010 ἐν
1031 3955 1100 4022 τοῖς
1118 3945 1310 4028 βαλανείοις

268 4191 294 4257 1)
316 4193 419 4243 Locum
438 4192 509 4243 hunc
527 4194 655 4258 explanat
673 4192 755 4242 etiam
778 4189 899 4240 Lobsck.
919 4187 1053 4254 Aglaoph.
1072 4187 1101 4237 II
1119 4203 1145 4252 p.
1169 4186 1236 4237 1004
1265 4185 1310 4235 ad-

198 4279 300 4343 scripto
318 4281 347 4330 in
364 4281 541 4332 adnotatione
561 4277 597 4346 [d]
616 4279 677 4330 loco
695 4277 818 4328 Caesarii
835 4276 909 4327 Dial.
927 4277 972 4326 111
988 4291 1016 4340 p.
1037 4275 1121 4326 6520
1139 4272 1206 4326 bibl.
1225 4273 1307 4339 Bign.
