2812 4868
217 331 258 398 48

217 505 295 580 ζειν.
327 497 497 584 Φρύνιχος
513 501 686 580 Μύσταις·
713 503 869 589 Μάστιγα
895 502 926 572 δ’
954 507 991 574 ἐν
1010 510 1125 593 χερσίν
1147 512 1332 593 Excusso-1

216 613 338 672 cassat
372 604 428 691 (cf.
441 604 565 688 Bergk.
588 604 659 669 rell.
682 627 797 672 comm.
821 608 890 673 Att.
906 611 982 693 375)
1005 608 1149 676 Πλάτων
1168 609 1333 690 socrate»

217 709 303 797 (cod.
338 716 379 772 et.
410 727 470 770 ms.
494 707 568 770 Par.
592 707 768 794 Ξαντρίας)
788 697 849 774 Ἦν
871 705 912 793 δὴ
933 706 1085 795 θόρυβος
1104 712 1332 792 τενταζόντων

216 807 435 901 (τενξάντων)
468 801 543 872 άντὶ
571 811 633 872 τοῦ
674 811 1001 893 πραγματευομένων
1029 805 1050 896 ἢ
1074 813 1329 900 διατριβόντων.

216 912 344 1004 (uallo
369 913 494 998 Τιμαίῳ
528 915 613 998 [opp.
636 919 659 974 t.
682 903 735 974 III
757 933 788 998 p.
813 913 917 994 91pr
941 917 987 1001 τῷ
1007 911 1070 996 μὲν
1092 904 1157 980 οὖν
1178 916 1254 1001 περὶ
1275 913 1332 996 τάς

107 1097 112 1106 ¹
215 1018 396 1101 ἐπιθυμίας
441 1004 461 1095 ἢ
491 1014 681 1096 φιλοτιμίας
714 1010 934 1079 τετευτακότι.
979 1006 1053 1079 οἷον
1091 1014 1329 1101 διατετριφότι.

219 1117 382 1206 γράφεται
400 1115 454 1182 καὶ
471 1108 684 1178 τεταυτακάτι
707 1114 958 1203 [τετονταιιότι])
982 1119 1217 1202 Τηλεκλεδίης·
1242 1117 1330 1184 πάν-

219 1245 272 1300 τες
294 1219 331 1286 δὲ
354 1213 571 1293 τεντάζονσιν
593 1215 627 1279 ol
647 1211 807 1296 διάκονοι.
846 1212 920 1282 άντὶ
942 1219 1003 1282 τοῦ
1025 1214 1329 1302 πραγματεύονται,

218 1323 472 1404 οκενοιροάνται
496 1313 722 1400 Φερεκράτης·
753 1312 771 1381 ὁ
797 1317 833 1383 δὲ
862 1321 963 1384 παῖδα
990 1324 1085 1386 καλεί
1104 1321 1159 1387 καὶ
1181 1318 1328 1400 τευτάζει

218 1422 327 1511 τούτῳ
350 1423 489 1486 δεῖπνον
514 1425 727 1501 παραθεῖναι.
757 1424 921 1504 Σημαίνει
937 1417 974 1485 dl
990 1419 1045 1485 καὶ
1060 1416 1096 1485 τό
1115 1421 1329 1502 σπουδάζειν.

219 1526 395 1599 Πολιτείας
417 1524 440 1599 ζ.
480 1522 613 1608 (vitiosa
634 1519 705 1584 rell.
733 1521 812 1586 libb.
836 1524 932 1588 lectio
954 1524 992 1587 de
1019 1522 1061 1587 cf.
1085 1523 1266 1588 Schneider
1287 1525 1329 1589 cd

218 1626 302 1692 Plat.
328 1624 400 1688 Oiv.
425 1621 493 1686 VII
515 1645 547 1708 p.
570 1621 672 1685 521E
694 1651 736 1680 =
759 1622 823 1687 vol.
848 1623 882 1686 II
907 1646 938 1709 p.
963 1624 1040 1709 277)
1064 1623 1119 1687 καὶ
1141 1622 1177 1690 τό
1201 1620 1328 1710 ἡσυχά-

219 1732 297 1808 ζειν.
329 1722 385 1790 καὶ
406 1720 584 1807 τεντάζων,
612 1718 648 1788 τό
672 1717 754 1788 αὐτὸ
774 1719 826 1788 ἀεὶ
847 1725 965 1810 λε’γων,
989 1729 1163 1810 φλυαρῶν.

302 1827 429 1894 Eadem
456 1826 525 1890 fere
547 1825 645 1889 habet
667 1835 709 1890 et.
733 1849 775 1890 m.
798 1825 819 1890 l.
843 1849 887 1910 c.,
915 1829 979 1892 nisi
1000 1828 1087 1914 quod
1107 1829 1248 1914 primum
1268 1853 1327 1916 pro
1359 1843 1365 1861 ’

211 1927 402 2016 Ἡρακλέων
435 1927 567 1995 exhibet
588 1922 792 2017 Ἡρῳδιανός
828 1928 1001 2016 (Valcken.
1033 1929 1113 1995 Eur.
1141 1929 1264 1995 Phoen.
1295 1930 1328 2018 p.

217 2040 277 2100 744
297 2030 430 2098 Ruhnk.
452 2028 535 2092 Tim.
558 2029 641 2094 Lex.
664 2053 696 2117 p.
713 2031 797 2118 182),
817 2053 876 2118 pro
892 2027 1119 2114 Λυκόφροναε
1143 2028 1327 2117 Λυκόφρο-

216 2161 285 2220 νος,
304 2134 423 2201 deinde
440 2132 640 2196 Artemidori
658 2132 837 2219 Phrynichi
854 2133 1124 2222 Pherecratisque
1141 2133 1329 2199 testimonia

217 2238 326 2303 omisit
347 2237 445 2321 inque
468 2233 532 2298 fine
554 2233 701 2298 additum
723 2234 822 2300 hebet
841 2231 1011 2322 ῥητορική.
1040 2235 1094 2318 [cf.
1118 2234 1217 2300 schol.
1241 2235 1326 2301 Plat.

214 2363 247 2426 p.
266 2341 308 2404 42
328 2336 461 2403 Ruhnk.
483 2335 583 2400 Mich.
606 2335 704 2400 Psell.
727 2337 762 2401 in
785 2338 856 2403 cod.
874 2337 971 2403 Taur.
989 2336 1112 2404 CLXV
1135 2335 1249 2401 solut
1276 2359 1327 2423 ap.

118 2461 122 2468 ’
216 2445 291 2506 Am.
313 2441 454 2527 Peyron.
478 2438 520 2502 ad
543 2445 584 2502 et.
607 2461 649 2501 m.
673 2437 694 2500 l.
718 2461 745 2503 c.
767 2449 841 2525 post
863 2450 904 2504 et.
929 2440 1015 2506 Gud.
1038 2462 1069 2526 p.
1096 2442 1188 2519 1047]
1222 2436 1327 2518 Quae-

216 2566 292 2608 nam
312 2541 370 2607 illa
392 2535 551 2625 ῥητορικὴ
574 2538 659 2617 λέξις
686 2539 906 2625 intellegenda
929 2543 984 2624 sit,
1016 2541 1113 2606 hodie
1135 2562 1201 2605 non
1223 2542 1328 2626 magis

217 2645 327 2730 colligi
339 2651 455 2731 potest,
478 2663 575 2730 quam
586 2651 684 2730 quota
696 2641 933 2708 observationis
946 2664 997 2730 up.
1014 2642 1167 2707 Photium
1181 2650 1213 2706 et
1226 2651 1268 2707 et.
1286 2665 1327 2706 m.

217 2746 377 2812 exstantis
398 2766 474 2831 pars
497 2745 540 2809 ad
561 2744 757 2808 rhetoricum
779 2743 924 2826 lexicon,
947 2752 1046 2832 quota
1068 2745 1111 2810 sd
1129 2743 1210 2809 alios
1234 2766 1327 2832 quos·

217 2847 292 2912 dam
318 2845 423 2910 fontes
449 2845 622 2910 referenda
651 2847 702 2910 sit.
749 2845 821 2911 Hoc
847 2856 955 2910 tamen
984 2847 1103 2910 scimus
1131 2844 1220 2910 Aelii
1249 2835 1328 2911 Dio-

217 2949 305 3035 nysii
333 2947 430 3032 longe
456 2947 772 3032 praestantissimum
800 2971 880 3036 opus
910 2948 971 3012 hoc
1001 2948 1073 3013 loco
1095 2970 1114 3011 a
1136 2958 1251 3015 neutro
1274 2937 1328 3014 ad·

218 3050 357 3115 bibitum
378 3070 458 3129 esse,
471 3049 599 3134 ,quippe
622 3070 665 3113 ex
687 3073 750 3137 quo
769 3051 960 3115 Eustathius
981 3073 1013 3136 p.
1039 3053 1109 3134 968,
1129 3054 1148 3114 3
1171 3048 1253 3115 haec
1274 3055 1327 3115 ex'-

216 3151 388 3237 cerpserit:
418 3147 637 3227 τεντάζειν
667 3151 795 3234 λέγεται
824 3149 906 3217 κατά
932 3157 1054 3217 Αίλιον
1077 3151 1267 3217 Διονύσιον
1291 3148 1326 3218 cd

218 3252 271 3318 ἐπὶ
293 3248 380 3317 πολὺ
405 3249 647 3335 προσεδρεύειν
669 3257 714 3340 τῷ
738 3248 829 3339 αὐτῷ
850 3252 1028 3336 πράγματι.
1058 3254 1134 3318 Vid.
1158 3254 1264 3319 Meier
1288 3255 1327 3319 de

218 3354 306 3420 lexx.
330 3354 412 3419 rhet.
434 3377 467 3440 p.
494 3357 530 3416 14
554 3353 627 3418 coll.
650 3378 682 3442 p.
707 3357 758 3419 41.
796 3355 941 3438 Deinde,
965 3355 1126 3443 siquidem
1147 3356 1327 3442 lexicogra-

215 3455 353 3544 phorum
382 3478 505 3523 morem
538 3457 767 3546 scribendique
789 3480 893 3544 genus
926 3480 992 3522 non
1023 3458 1170 3524 funditus
1202 3459 1327 3544 ignoro,
1374 3507 1375 3510 η

217 3648 283 3700 diss.
302 3652 327 3713 ξ.
340 3650 406 3700 XIV
423 3666 449 3715 p.
464 3651 537 3701 XLI.
557 3650 585 3701 II
604 3650 646 3703 cd.
665 3652 757 3716 Eggcr
776 3649 946 3714 Lsngbseuii
965 3649 1149 3701 coniecturam
1166 3641 1238 3708 τιατά
1257 3649 1328 3700 Μει-

141 3775 143 3782 .
218 3732 284 3784 δίον
304 3736 414 3801 probat,
439 3739 562 3789 codicum
582 3739 679 3789 ABVE
698 3738 830 3802 vestigia:
855 3726 926 3785 κατά
943 3733 1049 3804 φοβίον
1067 3738 1187 3802 pressius
1206 3743 1328 3801 secutus,
1389 3731 1393 3736 ’

216 3821 289 3872 haud
306 3827 467 3875 cunctanter
484 3826 618 3876 rescribo:
647 3818 781 3888 περὶτοῦ
799 3813 870 3872 κατά
892 3814 980 3888 φάσιν
996 3820 1070 3891 βίον.
1092 3825 1135 3876 ef.
1153 3825 1262 3876 Musou.
1283 3841 1327 3888 up.
1391 3869 1393 3874 ,

216 3908 293 3961 Stob.
310 3911 368 3962 flor.
386 3911 489 3964 0V118
507 3911 561 3963 vol.
577 3913 621 3962 111
635 3928 661 3977 p.
675 3910 725 3964 387
739 3909 785 3961 Gf.
804 3902 839 3959 τά
854 3923 883 3959 τε
896 3901 967 3960 κατά
987 3901 1075 3974 φάσιν
1094 3907 1187 3978 βιοῦν.
1215 3909 1238 3960 Φ
1259 3912 1329 3962 enim

215 4022 260 4072 vel
279 3991 315 4086 ὅ,
339 4024 466 4074 vocabuli
489 4015 576 4087 φάσις
599 4023 786 4088 compendium
808 4037 881 4086 esse,
909 4037 968 4073 cum
995 4022 1023 4072 in
1046 4023 1145 4089 vulgus
1170 4027 1264 4074 notum
1283 4025 1327 4086 sit,

216 4115 274 4160 tum
292 4111 325 4163 Δ.
343 4111 483 4170 Nauckius
501 4112 530 4162 in
547 4110 686 4175 Aristoph.
705 4111 773 4175 Byz.
792 4125 819 4174 p.
838 4109 872 4161 60
889 4126 915 4161 n.
936 4109 970 4161 83
988 4110 1098 4174 egregie
1117 4110 1325 4161 demonstrauit.

217 4197 380 4263 Corruptum
404 4201 446 4250 est
464 4198 642 4250 Heracleonis
660 4213 758 4247 nomen
776 4212 820 4261 ap.
839 4196 920 4246 Prob.
939 4197 1022 4262 Verg.
1041 4196 1100 4248 Ecl.
1119 4199 1144 4249 V
1162 4196 1194 4248 31
1218 4197 1280 4247 Vol.
1300 4196 1327 4246 ΙΙ

217 4299 243 4346 p.
263 4283 323 4346 352,
342 4285 389 4334 ubi
405 4286 495 4350 inepte
513 4284 672 4349 Empedocli
687 4284 809 4348 iungitur
827 4281 971 4334 Heracleo.
