2752 4890
113 87 173 148 156
569 91 767 151 -0-

197 256 247 318 82.
289 247 398 331 οὕτως
416 249 625 337 Ἀρίσταρχος
654 251 743 322 ἐνθ’
767 263 859 342 είην
895 256 977 343 μετὰ
1006 266 1068 326 τοῦ
1097 285 1135 346 ν,
1171 261 1227 328 καὶ

112 351 168 420 διά
192 359 260 420 τῶν
284 351 347 421 δόο
372 379 392 440 η
414 353 672 442 μενοινήῃσί
688 381 733 423 τε.
754 360 796 425 A.

198 461 248 524 86.
270 457 399 539 Quaere
420 481 453 544 p.
479 461 549 522 115.

196 563 246 625 04.
268 559 451 626 ἐκείνου·
471 554 682 648 Ἀρίσταρχος
704 565 846 627 κείνου
865 558 984 641 Ἰακως.
1007 568 1049 630 A.

200 667 268 728 104.
301 684 362 727 κατ
369 657 474 726 ’ἔνια
495 666 564 727 τεόν
583 657 835 764 ὑπομνημάτων
865 659 1145 750 άφρονέοντα.
1182 668 1223 732 A.

198 770 268 830 114.
299 759 408 842 οὕτως
429 758 523 830 καὶ
506 789 526 848 η
547 758 764 856 Ἀριστάρχου
783 765 838 832 καὶ
860 771 963 832 πᾶσαι
986 769 1082 890 ἐντος
1101 763 1223 853 ηὔδα,

110 863 152 933 οὐ
177 863 410 952 προσηύδα.
433 867 475 932 A

197 973 267 1034 123.
310 965 365 1034 διὰ
392 972 453 1034 τοῦ
480 965 693 1052 ἑτέρονδα
673 965 952 1058 αίἈριστάρχοο.
982 973 1025 1038 A.
1060 976 1223 1058 (περιδ-

112 1073 312 1158 δείσασα.)

196 1178 265 1238 134.
311 1165 332 1256 ἡ
351 1166 624 1255 Ἀριστοφάνειος
650 1169 784 1236 κακόν
804 1173 905 1257 μέγα
926 1179 1041 1261 τοῖσι,
1071 1175 1222 1260 Ζηνόδο-

111 1299 166 1354 τος
187 1275 224 1340 δὲ
247 1281 366 1352 θεοῖς
387 1273 493 1357 μέγα
515 1276 637 1357 πῆμα.
659 1273 701 1338 A.

196 1380 266 1442 139.
290 1378 365 1442 τοῦ
387 1397 448 1459 γε·
469 1368 658 1459 Ζηνόδοτος
680 1373 735 1440 καὶ
751 1371 992 1464 Ἀριστοφάνης
1012 1384 1084 1445 τοῦ
1106 1381 1160 1448 δέ.
1180 1383 1220 1448 Α.

197 1482 268 1544 147.
292 1481 321 1543 8.
346 1475 402 1543 καὶ
418 1470 659 1561 Ἀριστοφάνης
681 1477 870 1561 τροηθέτει.
891 1483 932 1546 A.

105 1603 111 1608 ·
195 1583 278 1663 [162.
299 1576 483 1664 Ἀμμιόνιος
504 1579 541 1642 εί
560 1576 606 1643 δέ
622 1601 712 1662 μον.
733 1578 787 1662 V.]

197 1687 267 1748 179.
288 1683 543 1765 πολεμίζων·
567 1677 757 1764 Ζηνόδοτος
778 1679 833 1748 διὰ
855 1688 965 1764 τούξ.
988 1689 1029 1752 Α.
1058 1689 1158 1778 12111

90 1855 93 1862 ,
196 1789 265 1851 187.
291 1779 399 1862 οὕτως
420 1777 632 1868 Ἀρίσταρχος
654 1780 710 1850 διά
734 1808 803 1850 των
825 1785 942 1853 δόοκ.
969 1790 1010 1855 A.

193 1894 262 1954 197.
294 1883 506 1972 Ἀρίσταρχος
536 1886 825 1972 βέλτερονμιί
852 1889 891 1954 δέ
911 1888 1110 1976 είκαιότεροι
1138 1889 1220 1976 γρά-

110 2010 215 2078 φονσι
235 1993 424 2078 κέρδιον,
441 1984 683 2074 Ἀριστοφάνης
706 1985 893 2058 κάλλιον.
914 1995 955 2057 A.

189 2100 261 2160 207.
286 2117 301 2159 ε
308 2095 391 2180 ἰδῇ·
416 2090 607 2177 Ζηνόδοτος
628 2088 684 2157 διά
706 2095 769 2156 τοῦ
791 2115 815 2158 τι
839 2098 947 2180 είκη.
970 2097 1011 2159 A.

193 2201 265 2263 211.
285 2190 497 2280 Ἀρίσταρχος
518 2195 592 2280 μέν
615 2217 675 2278 γε,
697 2188 793 2260 ἄλλοι
816 2193 853 2260 δὲ
874 2194 947 2280 μέν
968 2219 1021 2260 κε.
1044 2196 1085 2260 A.

191 2302 370 2364 231-235.
390 2337 434 2350 ·-
454 2298 509 2363 καί
530 2293 618 2382 τταρά
633 2291 866 2381 Ἀριστοφάνει
886 2291 1084 2380 ἠθετοῠντο.
1109 2298 1150 2363 A.

193 2405 266 2468 232.
290 2395 385 2486 ὄφρ’
409 2396 475 2466 άν·
496 2395 709 2486 Ἀρίσταρχος
731 2394 851 2484 τόφρ’
876 2392 924 2464 άν
947 2395 1028 2484 μετὰ
1050 2403 1112 2464 τοῦ
1128 2425 1156 2465 τ.
1178 2402 1218 2466 A.

190 2509 263 2572 240.
298 2500 406 2581 οὕτως
423 2499 635 2588 Ἀρίσταρχος
657 2497 716 2567 διά
734 2506 796 2567 τοῦ
818 2526 834 2567 ε
857 2501 1123 2588 ἐσαγείρετο,
1155 2524 1220 2568 ιτα-

108 2611 302 2691 ρατατικῶς.
326 2601 421 2673 ἄλλοι
444 2605 481 2672 δέ
500 2606 747 2690 ἐσαγείρατο
770 2601 825 2671 διὰ
846 2608 908 2670 τοῦ
928 2629 958 2669 α.
982 2604 1023 2668 A.

194 2713 265 2775 252.
297 2704 500 2788 ὄψεσθαι·
529 2705 741 2794 Ἀρίσταρχος
763 2709 943 2786 ἵξεσθαι.
964 2708 1017 2772 καὶ
1041 2701 1105 2772 οὐκ
1129 2709 1220 2773 ἔστιν

109 2808 225 2895 &zuoze
245 2804 267 2895 ἡ
287 2807 411 2894 κοινή·
434 2813 476 2875 Α·

193 2916 265 2978 272.
304 2909 549 2977 ἐσσεύοντο·
580 2906 791 2996 Ἀρίσταρχος
822 2907 1053 2976 ἐσσεύαντο
1084 2907 1221 2976 διάτοό

109 3039 141 3101 α,
163 3009 374 3084 καὶάπασαι.
397 3015 438 3078 A.

196 3117 280 3205 1277.
307 3114 496 3200 Ζηνόδοτος
518 3111 640 3200 γράφει
664 3117 782 3192 τείως
804 3114 844 3179 V.
858 3115 886 3202 ‘?]

141 3209 155 3222 ²
191 3223 263 3284 301.
286 3217 478 3303 Ζηνόδοτος
499 3216 554 3284 καὶ
574 3212 816 3301 Ἀριστοφάνης
842 3222 870 3281 A
878 3221 996 3280 ίαντε
1019 3217 1154 3293 δυίκεός.
1177 3217 1219 3281 A.

191 3324 263 3386 307.
292 3317 444 3409 (βιβάς
472 3314 681 3404 Ἀρίσταρχος
703 3322 844 3403 βιβῶν.
879 3317 920 3382 Α.
966 3316 1059 3398 Quae
1082 3339 1126 3382 ex
1146 3317 1221 3382 Ari-

110 3427 233 3492 stonico
250 3424 399 3490 breviata
410 3426 599 3488 Duentzero
613 3422 737 3487 Zenod.
750 3445 782 3508 p.
795 3426 825 3503 4,
840 3425 878 3484 17
896 3420 1073 3503 videntur.)
1094 3416 1220 3498 ἄλλως·

108 3530 239 3613 βιβοόν
262 3530 364 3592 τιάσαι
387 3521 494 3611 είχον,
515 3522 706 3610 Ζηνόδοτος
725 3527 844 3607 βοῶν.
864 3521 934 3586 ἐπεὶ
955 3518 1011 3585 καί
1027 3517 1100 3605 ἑξῆς
1115 3538 1222 3605 φησιν

110 3629 183 3694 1ἐπὶ
206 3623 239 3694 δ’
265 3623 366 3706 αὐτὸς
388 3622 472 3692 άῦσε
492 3624 579 3712 μάλα
602 3628 703 3711 μέγα’
730 3626 833 3713 (321).
852 3626 894 3688 A.

195 3736 266 3797 395.
291 3733 329 3796 ἔν
351 3747 439 3796 τισιν
461 3724 674 3814 ἀκέσματ’·
696 3723 805 3804 οὕτως
820 3724 856 3791 δέ
871 3723 927 3792 καὶ
937 3719 1159 3810 Ἀρίσταρχος.
1180 3725 1221 3790 A.

194 3838 266 3900 398.
291 3832 399 3910 οὕτως
418 3828 630 3917 Ἀρίσταρχος
651 3833 749 3906 ἔτος
772 3823 889 3912 ηὔδα.
910 3828 951 3893 A.

191 3940 263 3999 417.
296 3929 504 4018 Ἀρίρταρχος
536 3930 635 4018 χωρίς
664 3935 726 3996 τοῦ
753 3947 775 3995 σ
800 3928 924 4016 γράφει
952 3935 1051 4016 νῆα,
1084 3942 1225 4015 τροεϊτιε

112 4033 174 4119 γὰρ
198 4032 261 4101 1τώ
286 4033 323 4102 δέ
346 4034 422 4120 περὶ
443 4039 520 4119 μιᾶς
537 4031 618 4119 νηός
641 4035 718 4118 ἔχον
739 4030 878 4098 μόνον’.
910 4033 952 4097 A.
