2866 4882
1158 363 1218 428 291

107 542 161 584 res
191 520 390 586 Schneidero
421 523 519 588 cessit
550 522 797 590 Hemsterhusio
836 536 1012 611 praeeunte
1042 513 1219 614 corrigenti

108 645 141 708 p.
162 627 199 685 15
232 621 287 686 καὶ
316 621 353 687 ἐν
380 620 560 710 Γηρυτάδῃ
590 624 642 712 (ἐν
662 621 847 710 Antonium,
873 629 978 712 possit
999 637 1031 692 et
1052 627 1089 693 ἐν
1106 624 1219 717 liuta)

108 723 316 805 σαφέστερον
344 717 480 808 aldeni}
507 722 654 791 ’ντιιῦθα
672 727 834 810 Δίδυμος.
880 727 996 791 Statim
1026 731 1122 813 enim,
1146 753 1220 795 cum

109 825 143 886 in
166 823 252 887 hunc
275 824 383 888 locum
404 827 522 909 incidi,
551 827 726 890 memoriae
749 827 986 892 obversabatur
1007 830 1097 894 locus
1120 831 1219 895 simil-

108 925 186 990 limo
211 926 338 989 scribae
370 927 464 1013 lapsu
491 928 730 992 contaminatus
751 929 787 990 in
809 928 909 992 schol.
930 929 1028 1010 Hom.
1048 932 1216 1018 Odyssd

110 1028 186 1107 221,
219 1026 325 1111 quode
347 1025 503 1090 habemus
530 1027 771 1092 adnotationem
797 1028 956 1094 Meinekii
989 1031 1087 1096 anall.
1101 1033 1214 1102 ‚Alere

108 1150 140 1212 p.
166 1128 236 1189 184.
280 1126 443 1210 Vulgatur
459 1127 512 1190 ibi
534 1121 552 1191 ὁ
576 1125 613 1192 δὲ
634 1123 789 1213 Εὔρυτος
807 1122 993 1195 Ἀπόλλωνι
1014 1126 1149 1217 ἤρισεν,
1173 1128 1218 1210 ὡς

109 1225 147 1290 ἐν
163 1219 273 1291 Ἰλιάδι
289 1227 392 1308 φησὶν
415 1221 506 1291 εοὐδ’
523 1222 668 1316 Εὐρύτῳ
688 1229 761 1294 κτὲ’
782 1230 905 1319 (Apoll.
919 1232 981 1296 Rh.
994 1234 1011 1296 I
1025 1236 1091 1320 88).
1115 1235 1217 1319 Egre-

108 1329 197 1412 giam
221 1328 445 1392 confusionem
470 1328 688 1392 Buttmannus
717 1331 945 1415 adnotaverat,
978 1334 1122 1410 Meinek.
1145 1334 1166 1398 1.
1189 1357 1216 1398 e

109 1428 183 1492 coll.
207 1429 313 1493 Gaisf.
332 1429 374 1494 ad
395 1430 530 1494 Hesiod.
554 1430 588 1493 in
609 1439 695 1516 poet.
719 1431 778 1497 Gr.
800 1433 916 1497 minor.
931 1433 948 1496 I
965 1457 997 1520 p.
1013 1437 1071 1499 113
1093 1437 1216 1521 primus

110 1531 295 1595 emendavit
317 1525 362 1607 ὡς
382 1523 584 1614 Ἡλιόδωρος
613 1530 645 1594 h.
670 1554 698 1596 e.
728 1525 774 1608 ὡς
791 1527 1025 1611 Ἀπολλώνιος.
1070 1536 1217 1601 Gaisfor-

108 1631 199 1695 dium
217 1640 248 1695 et
261 1632 409 1696 Bastium
431 1634 595 1696 incomm.
614 1631 778 1717 palaeogr.
794 1656 826 1719 p.
847 1637 907 1698 834
928 1635 963 1697 in
979 1657 1096 1700 caussa
1118 1636 1217 1700 simili

108 1730 287 1797 antestatus
311 1744 360 1797 est
381 1734 478 1798 etiam
494 1733 637 1798 Cobetus
659 1733 701 1798 ad
723 1755 792 1819 arg.
805 1734 876 1798 cod.
889 1735 928 1797 R.
938 1723 1026 1800 Eur.
1039 1736 1112 1801 Alc.
1130 1759 1163 1823 p.
1176 1741 1216 1800 25

109 1833 253 1898 Wzschl.
298 1835 447 1908 Eandem
473 1835 698 1900 confusionem
725 1835 900 1900 observavi
919 1837 954 1899 in
976 1837 1041 1901 lex.
1065 1838 1215 1924 chrysop.

108 1934 189 1999 bibl.
217 1935 401 2021 Reudig.,1
423 1953 466 1998 111
495 1959 526 2000 n.
551 1942 599 2000 17.
645 1936 760 2000 Scribo
784 1937 886 2020 igitur
912 1937 967 2001 καὶ
995 1933 1217 2016 Ἀπολλώνιος

109 2035 316 2120 σαφέστερον
352 2033 444 2102 οἶδεν
469 2030 512 2124 [ἢ]
539 2033 621 2101 κατά
651 2037 716 2124 (γε)
750 2039 922 2122 Δίδυμον,
956 2060 1053 2124 quam
1082 2039 1217 2125 phrasin

107 2136 317 2206 illustrabunt
338 2139 440 2203 verba
461 2138 626 2203 Eustathii
644 2139 679 2200 in
700 2161 749 2224 pr.
772 2139 867 2202 Pind.
891 2142 941 2220 60,
965 2141 1000 2201 21
1026 2141 1060 2202 οἳ
1081 2137 1136 2202 καὶ
1156 2161 1217 2202 πε-

109 2237 281 2320 ριάγονται
304 2235 446 2321 μάλιστα
468 2234 524 2303 διὰ
546 2234 584 2302 τὸ
610 2233 909 2321 ἆνθρωπικοίτεροι
926 2233 1084 2302 εἶναικαὶ
1102 2233 1217 2321 ὀλιγό-

88 2361 91 2368 ·
108 2348 214 2423 μυθοι
242 2341 297 2404 καὶ
326 2335 409 2423 μηδὲ
438 2337 530 2404 πάνυ
552 2341 640 2423 ἔχειν
664 2333 832 2421 ἀσαφῶς
853 2335 1019 2420 autolye
1037 2334 1083 2402 τὰ
1105 2334 1215 2405 data.

110 2441 163 2506 cf.
186 2443 283 2504 etiam
304 2441 405 2506 schol.
429 2442 535 2506 Rann.
560 2445 620 2505 504
641 2435 864 2516 Ἀπολλώνιος
879 2437 915 2505 δὲ
936 2427 978 2504 οὐ
997 2443 1108 2517 κακῶς
1129 2435 1217 2506 διιο-

110 2544 297 2623 νενοῆοθιιί
315 2560 398 2625 φησι
419 2545 657 2630 supprimebat
675 2565 760 2607 τινα.
796 2543 1008 2628 &Apollonius
1033 2548 1224 2636 Verstacnd7

108 2650 169 2706 niss
192 2648 246 2707 der
266 2647 355 2709 Stella
374 2652 411 2709 ist
427 2650 666 2710 einlcuclrtender
681 2651 728 2709 im·
744 2649 943 2708 Verbacltoiss
958 2665 998 2706 zo
1014 2643 1215 2727 Didymas'’).

110 2744 262 2808 Ceterum
287 2747 511 2827 meminerint,
547 2745 664 2828 velim,
696 2745 833 2809 lectores
862 2742 977 2807 scholii
1001 2742 1096 2805 Pind.
1119 2742 1215 2826 Pyth.

109 2844 175 2908 VII
184 2851 213 2927 4,
231 2845 289 2909 ubi
302 2869 319 2909 e
333 2848 520 2911 coniectura
535 2846 623 2909 haud
637 2843 845 2930 improbabili
860 2843 1050 2929 scripsimus
1072 2833 1090 2904 ὁ
1106 2839 1143 2904 δὲ
1152 2843 1217 2924 Δί-

109 2946 214 3028 δυμος
224 2939 451 3012 Ἀπολλωνίου
473 2941 704 3030 ἁπλούστερον
725 2940 842 3009 ἀκούει
864 2943 919 3030 (fr.
937 2944 1003 3026 28).
1025 2964 1057 3026 p.
1081 2943 1154 3004 227.

156 3085 158 3088 -
184 3047 341 3112 Alterum
377 3056 603 3132 argumentum
638 3068 658 3108 a
689 3054 804 3131 poetae
835 3041 1068 3129 interpretibus
1103 3049 1215 3126 repeto

109 3147 385 3234 scriptoribusque
406 3149 441 3211 in
463 3147 595 3213 scholiis
618 3146 769 3228 laudatis,
793 3166 931 3230 quorum
951 3143 1084 3229 plurimi
1104 3141 1217 3206 iidem·

6 3300 11 3309 .
108 3271 170 3335 que
199 3250 388 3335 saepissime
416 3248 557 3333 respecti
584 3255 616 3311 et
643 3254 718 3310 ante
745 3245 925 3332 Didymum
957 3243 1090 3308 fuerunt
1120 3251 1218 3308 etex

107 3351 282 3436 Didymeis
314 3349 516 3436 potissimum
547 3347 786 3413 commentariis
820 3347 854 3408 in
884 3346 967 3409 alios
1001 3353 1114 3429 poetas
1141 3365 1216 3409 con-

109 3453 238 3536 scriptis
259 3450 493 3513 inclaruerunt.
538 3449 604 3526 Qui
632 3455 756 3511 restant
777 3447 966 3531 paucissimi
994 3467 1128 3510 numero
1151 3467 1216 3509 non

15 3619 16 3622 ,
103 3551 203 3619 ‚modo
226 3550 399 3614 admodum
420 3570 493 3612 raro
516 3548 735 3630 advocantur,
770 3546 829 3629 sed
856 3545 934 3628 aliis
959 3546 1057 3608 etiam
1083 3545 1215 3629 scholiis

108 3651 266 3734 gliscente
287 3659 432 3734 tempore
459 3650 507 3712 sic
529 3649 631 3713 adlini
654 3646 817 3728 solebant,
829 3671 832 3676 ·
846 3667 983 3731 quorum
1004 3644 1216 3709 fundamenta

40 3781 42 3784 ·
108 3769 128 3812 a
154 3749 299 3834 Didymo
327 3751 413 3812 iacta
439 3769 511 3811 esse
537 3756 673 3812 constat.
725 3746 779 3811 Ab
811 3745 862 3809 his
892 3747 994 3830 igitur
1026 3751 1062 3807 ut
1096 3744 1214 3824 ordiar,

107 3847 367 3916 Herodianus
400 3870 474 3912 curn
505 3847 725 3934 Tryphone
753 3855 785 3911 et
808 3846 982 3911 Charete
1004 3845 1215 3908 antecessori-

106 3947 167 4010 bus
201 3969 278 4012 num
308 3968 390 4033 quae
415 3949 451 4011 in
479 3948 603 4013 scholia
628 3945 856 4034 nonirnrpi't?
881 3934 1215 4024 ,8.ο11οοοίιιενοιο
1239 3947 1241 3950 ’

109 4045 173 4131 (Pl.
187 4045 273 4131 725),
298 4047 389 4110 cuius
411 4046 608 4133 hypotheses
636 4049 734 4114 etiam
755 4049 798 4110 ad
818 4043 988 4130 Sophoclis
1011 4043 1139 4107 fabulas
1161 4064 1215 4122 err·

108 4145 254 4228 stabant,
292 4146 623 4232 Cephisodemus·
640 4147 741 4233 (Avv.
766 4135 877 4229 1294),
911 4144 1051 4220 fortasse
1071 4131 1215 4228 Didymo

107 4245 258 4310 laudatus
278 4247 351 4310 coll.
374 4246 521 4332 Hesych.
543 4243 731 4326 κοιλάσιρις·
763 4242 865 4327 xercitr
887 4239 1111 4400 πλοῙτθύξημος,
1134 4243 1215 4306 Ire-
