2894 4890
225 343 286 406 240

757 508 808 573 62.

310 629 418 696 Schol.
443 627 540 714 Pyth.
563 653 583 706 ς
602 631 622 689 4
652 624 689 692 ἐν
714 631 754 713 τῇ
775 624 978 714 πολυχρύσῳ
1001 621 1207 715 Ἀπολλωνίᾳ
1238 623 1340 714 νάπῃ,

224 731 300 818 περὶ
323 721 362 816 ἧς
390 729 427 794 ἐν
450 733 596 795 Παιᾶσιν
618 734 756 812 εἴρηται.
802 729 882 794 ibid.
906 727 975 792 ἐκεῖ
997 724 1061 812 γάρ
1090 721 1111 812 ἡ
1131 725 1340 796 Ἀπολλωνία

222 831 332 922 νάπη,
354 832 430 915 περὶ
450 820 490 914 ἧς
512 831 550 896 ἐν
568 834 716 896 Παιᾶσιν
738 836 877 914 εἴρηται.
903 831 1338 918 Of.Boeekh.exp1.Pind.

222 963 254 1026 p.
277 939 350 1000 286.
484 959 485 964 ’

757 1039 809 1100 63.

311 1153 418 1219 Schol.
442 1151 540 1240 Pyth.
564 1157 611 1217 IB
631 1156 671 1216 45
695 1156 822 1236 εἴρηται
845 1150 881 1216 δὲ
903 1151 957 1217 καὶ
978 1154 1016 1216 ἐν
1036 1156 1161 1218 Παιᾶσι
1183 1152 1260 1237 περὶ
1282 1147 1339 1216 αὐ-

224 1259 369 1340 λητικῆς.
414 1254 466 1318 De
495 1256 556 1319 hac
578 1253 720 1319 formula
742 1259 869 1338 εἴρηται
895 1251 931 1318 δὲ
954 1255 1108 1320 dixerunt
1128 1253 1275 1318 Bocckh.
1304 1277 1336 1342 p.

222 1356 335 1433 XVII.
362 1357 483 1422 XVIII
505 1355 628 1420 XXIX
658 1357 698 1421 Ο.
718 1356 909 1420 Schneider.
941 1356 982 1420 de
1010 1357 1091 1422 font.
1128 1358 1187 1420 Ar.
1220 1355 1337 1421 scholl.

220 1484 253 1546 p.
280 1464 327 1522 ιι.
355 1463 403 1521 15.

750 1564 801 1625 64.

309 1677 417 1744 Schol.
445 1678 547 1742 Arist.
571 1677 656 1740 Plut.
688 1681 707 1741 9
738 1675 793 1741 καὶ
822 1675 863 1741 τά
884 1674 947 1761 μὲν
969 1680 1046 1762 περὶ
1071 1681 1133 1742 τοῦ
1155 1675 1336 1762 Πινδάρου

222 1782 382 1864 τρίποδος
425 1774 598 1862 διαφόρως
630 1777 855 1863 ἱστορούμενα
901 1779 944 1845 ἐν
982 1792 1070 1858 τοῖς
1109 1775 1335 1864 Πινδάρου

221 1877 374 1966 ὕμνοις
396 1873 654 1966 εὐκαίροιςὴμλν
675 1882 872 1963 διείληπται.

306 1998 359 2062 De
384 1999 529 2085 Didymo
551 2000 726 2085 principali
751 1999 947 2064 scholiorum
975 2008 1158 2064 nostrorum
1185 2010 1335 2065 veterum

221 2103 255 2165 in
276 2101 456 2165 Pindarum
477 2101 567 2166 fonte
595 2102 712 2184 omnia,
738 2123 821 2188 quae
844 2102 909 2165 dici
928 2110 1080 2187 possunt,
1099 2104 1271 2187 occupavit
1290 2103 1332 2167 A.

221 2202 424 2285 Boeckhius,
449 2202 678 2267 dilectissimus
700 2195 906 2290 praeceptor,
923 2205 958 2265 in
978 2202 1081 2290 praef.
1099 2203 1141 2267 ad
1163 2203 1276 2268 scholl.
1300 2227 1331 2290 p.

220 2304 273 2368 IX
290 2343 332 2351 —
349 2299 488 2386 XVIII,
529 2304 756 2393 persuasitque
789 2303 828 2367 Ο.
869 2301 1068 2367 Schneidero
1115 2304 1170 2368 Fr.
1204 2306 1332 2371 Rittcro

219 2404 435 2491 Bernhardyo
464 2404 722 2471 Schneidewino.
766 2404 864 2468 Hunc
886 2405 989 2489 igitur
1016 2405 1082 2490 legi
1104 2415 1201 2492 atque
1227 2407 1333 2493 relegi

221 2507 329 2572 iubeo.
374 2507 427 2572 De
446 2506 709 2600 antecessoribus
734 2528 812 2570 vero
833 2505 987 2592 Didymi,
1016 2508 1164 2594 inprimis
1186 2509 1331 2573 Aristar-

221 2608 274 2672 chi
296 2609 413 2673 studiis
428 2609 628 2691 Pindaricis,
649 2629 723 2672 cum
738 2607 834 2672 huius
857 2607 920 2672 loci
945 2629 1010 2676 non
1034 2609 1075 2672 sit
1097 2609 1259 2674 disserere
1275 2633 1330 2675 ex-

218 2712 398 2798 planatius,
422 2712 499 2775 data
520 2733 620 2798 opera
643 2708 886 2775 commentabor
906 2709 942 2772 in
962 2709 1145 2774 Aristarchi
1166 2710 1331 2796 fragmen-

219 2828 342 2896 torum,
366 2813 608 2900 quamdudum
630 2812 761 2894 molior,
783 2810 982 2876 collectione.

759 3058 793 3136 7.
836 3091 846 3123 2

528 3199 751 3288 [Αἰσχύλον
779 3199 1023 3291 ἐξηγήσεις]

303 3353 462 3441 Aeschyli
483 3357 656 3420 lectionem
675 3357 763 3444 apud
784 3356 1026 3421 Alexandrinos
1054 3377 1119 3419 non
1142 3355 1239 3442 plane
1258 3356 1328 3441 qui-

218 3455 295 3518 dem
315 3455 498 3540 neglectam
518 3458 658 3522 iacuisse
671 3457 712 3522 G.
724 3458 975 3545 Bernhardyum
997 3459 1059 3523 litt.
1083 3457 1141 3522 Gr.
1164 3457 1240 3520 hist.
1257 3476 1328 3518 suc-

219 3557 315 3621 cinet.
338 3555 452 3644 psum
473 3567 561 3624 recte
581 3561 782 3626 conclusisse
802 3582 819 3624 e
839 3559 939 3625 schol.
963 3561 1099 3625 Theocr.
1118 3559 1153 3622 X
1170 3559 1208 3621 18
1230 3556 1328 3642 (Her.

219 3679 327 3722 mann.
350 3681 460 3744 opuse.
483 3662 515 3725 V
528 3685 559 3748 p.
578 3663 643 3749 12),
662 3661 720 3726 ubi
739 3657 949 3745 Ἀρίσταρχος
965 3662 1002 3726 ἐν
1024 3655 1239 3745 ὑπομνήματι
1253 3663 1327 3722 Λν-
1353 3693 1354 3698 κ

218 3759 370 3844 αούρμοο
390 3760 555 3844 laudatur,
583 3771 679 3849 atque
703 3787 745 3829 ex
766 3762 933 3850 Hesychio
956 3760 1174 3847 ἐναροφόρος,
1195 3779 1226 3846 q.
1249 3758 1271 3822 l.
1296 3758 1331 3821 ot

219 3855 511 3945 ὑπομνηματισταί
542 3864 758 3947 advocantur,
788 3885 861 3928 mea
885 3865 982 3928 etiam
1009 3863 1076 3928 lert
1102 3863 1228 3949 opinio,
1256 3858 1326 3944 ,sed

217 3970 365 4026 nostrum
382 3963 419 4054 in
432 3963 633 4049 Aeschylum
653 3988 781 4053 quoque
803 3972 1055 4030 commentatum
1075 3985 1146 4028 esse
1165 3982 1326 4047 nusquam

218 4062 357 4127 relatum
385 4065 508 4128 inveni.
552 4064 664 4128 Nihilo
689 4077 799 4131 tamen
822 4067 945 4147 secius,
974 4065 1105 4151 siquid
1134 4066 1169 4128 in
1191 4061 1325 4127 scholiis

217 4184 283 4226 non
305 4164 402 4251 plane
426 4166 698 4230 contemnendum
719 4168 927 4251 conspicitur,
949 4165 1011 4230 hoc
1031 4165 1092 4229 soli
1108 4163 1253 4251 Didymo
1273 4185 1324 4226 αο-

216 4271 345 4348 ceptum
361 4286 433 4328 esse
447 4263 654 4329 referendum
674 4266 824 4331 arbitror.
848 4266 945 4332 Certe
957 4267 1326 4353 hypomnematistarum
1383 4249 1388 4259 ¹
