2812 4868
1173 335 1213 396 23

102 489 193 576 πήρα
205 502 238 558 at
249 491 589 579 οακκομενειότροφοι
601 496 635 558 in
648 497 879 586 epigrammate
891 518 941 582 ap.
959 497 1078 562 Athen.
1092 523 1124 584 p.
1139 501 1211 585 162)

103 595 245 660 comedit
261 597 386 684 (1102)ss
409 597 506 681 longe
522 598 632 662 valere
649 595 832 662 iubebimus
852 599 1004 662 vitiosam
1019 603 1213 686 scripturam

101 694 397 784 σακκοδερμιοτῇς,
420 699 657 785 quantumlibet
678 699 879 764 Fritzschius
902 699 1069 795 obstrepat
1079 702 1112 786 ¹).

636 903 671 985 3.

520 1035 614 1113 Λέξις
635 1031 787 1119 τροπικῇ.

187 1171 299 1234 Tertio
332 1167 403 1235 loco
428 1167 631 1234 nominamus
659 1169 796 1256 Didymi
825 1165 989 1254 τροπικὴν
1011 1171 1116 1256 λέξιν,
1148 1179 1220 1260 qua

102 1272 143 1336 da
165 1271 309 1334 Meierus
331 1271 366 1334 iu
388 1291 502 1334 comm.
525 1270 687 1344 Andocid.
708 1269 757 1335 VI
779 1273 798 1334 3
821 1294 853 1358 p.
877 1271 964 1336 XIX
986 1275 1048 1336 210
1074 1272 1159 1338 hunc
1177 1275 1211 1338 in

101 1369 235 1437 modum
262 1372 421 1459 disputat:
446 1371 562 1454 ‘Quod
584 1375 618 1437 in
633 1371 741 1438 Bckk.
765 1373 903 1438 anecdd.
927 1372 943 1435 Ι
966 1376 1026 1438 334
1051 1375 1212 1438 excitatur

101 1473 266 1560 Didymus
285 1473 322 1537 έν
343 1476 382 1560 τῇ
404 1478 545 1560 τροπικῇ
566 1475 651 1552 λέξει
672 1475 811 1540 fortasse
832 1497 946 1540 verum
967 1483 1026 1538 est.
1063 1469 1211 1561 Namque

102 1569 266 1660 τροπικὴν
293 1577 382 1654 λέξιν
409 1585 440 1640 ct
466 1576 523 1640 alii
545 1585 796 1641 commemorant
824 1585 856 1640 ct
876 1575 1016 1663 Dionys.
1038 1575 1145 1640 Halic.
1171 1577 1212 1641 do

102 1686 180 1742 vett.
210 1679 377 1764 scriptorr.
402 1701 529 1745 censur.
552 1702 584 1766 p.
603 1681 674 1760 422,
698 1679 739 1742 de
756 1677 797 1744 iis
820 1700 903 1766 quae
927 1677 1075 1764 Thucyd.
1101 1699 1210 1764 propr.

102 1787 177 1843 sunt
197 1779 233 1842 ΙΙ
256 1782 269 1840 1
294 1802 326 1865 p.
350 1783 410 1844 790
428 1811 470 1838 =
491 1803 524 1867 p.
548 1783 605 1844 221
631 1779 806 1868 Krueg.²);
827 1802 899 1843 eam
924 1788 1032 1843 autem
1054 1779 1212 1863 singulari

101 1879 185 1945 libro
209 1880 379 1968 complecti
402 1891 490 1946 certe
509 1883 615 1947 miuus
638 1884 764 1965 mirum,
784 1905 881 1969 quam
905 1882 1085 1966 singularia
1105 1873 1222 1943 loxica‘

101 1984 255 2067 καθαρᾶς
273 1991 329 2046 aut
349 1987 472 2067 σεμνῆς
496 1985 585 2062 ἰδέας
601 1993 657 2050 aut
679 1979 783 2066 λόγου
805 1986 982 2048 πολιτικοῦ
1003 1981 1155 2064 scribere,
1177 1979 1212 2044 id

102 2084 189 2170 quod
214 2083 337 2150 factum
365 2107 436 2150 esse
462 2087 556 2152 docet
584 2085 679 2152 Phot.
710 2086 803 2150 codd.
831 2088 891 2148 146
914 2106 984 2172 sqq.
1023 2082 1211 2148 Videndum

99 2195 209 2250 tamen
241 2195 304 2272 est,
340 2189 424 2251 sitne
454 2192 595 2275 τραγικῇ
622 2187 873 2275 reponendum'
913 2185 958 2250 At
986 2185 1083 2248 fidem
1113 2183 1211 2280 habet

101 2289 196 2353 lectio
223 2287 289 2352 lex.
313 2287 346 2352 S.
371 2289 481 2354 Germ.
505 2314 563 2356 ms.
592 2290 680 2371 Quid
702 2289 810 2354 enim?
839 2309 947 2352 nonna
967 2290 1091 2370 κυρίως
1110 2285 1222 2380 Attici

101 2385 337 2475 ἁμαθοερμούς
365 2390 519 2458 dixerunt
547 2392 727 2475 beneficos,
756 2392 923 2475 τροπικῶς
949 2412 1027 2454 vero
1048 2386 1211 2453 Lacedae-

100 2491 201 2556 monii
224 2491 340 2578 quinos
358 2495 530 2580 quotannis
550 2517 593 2560 ex
611 2495 756 2581 equitum
778 2485 892 2560 ordine
910 2490 1084 2592 egressosl

643 2652 657 2712 1

183 2763 295 2828 Bekk.
315 2763 336 2829 l.
350 2788 378 2829 c.
403 2759 625 2850 ἆγαθοεργοέ·
644 2760 785 2829 Ἀττικοὶ
806 2757 892 2846 τούς,
913 2754 1046 2844 ἀγαθὸν
1067 2757 1211 2843 ἐργασα-

101 2866 225 2948 μένους
252 2887 294 2929 τι.
332 2868 400 2930 ἔστι
430 2865 466 2930 δέ
492 2863 547 2930 καὶ
574 2861 659 2950 ἀρχῇ
686 2889 735 2942 τις
757 2865 793 2928 έν
817 2863 1041 2945 Λακεδαίμονι
1070 2861 1104 2924 οἱ
1127 2853 1211 2943 ἆμα-

101 2970 250 3052 θοεργοί.
279 2961 420 3051 ἄρχουσι
443 2967 479 3032 δέ
502 2967 556 3032 καὶ
581 2973 650 3033 τῶν
670 2967 707 3032 ἐν
730 2971 770 3054 τῇ
791 2964 887 3032 πόλει
909 2963 1050 3030 καὶτῶν
1072 2963 1134 3040 ἔξω
1154 2965 1212 3044 τῇς

102 3068 230 3146 πόλεως
247 3069 569 3154 παρανομησάντων,
588 3063 633 3147 ὥς
651 3087 735 3154 φησι
754 3069 937 3152 Δίδυμος
955 3066 992 3131 έν
1008 3067 1049 3154 τῇ
1068 3068 1212 3150 τροπικῇ

103 3173 196 3250 λέξει.
235 3169 286 3235 Of.
311 3171 352 3235 de
376 3171 426 3235 his
441 3171 774 3236 Lacedaemoniorum
798 3168 1060 3242 benefactoribus
1081 3168 1211 3232 doctum

102 3273 245 3360 Anglum
268 3273 302 3335 in
325 3271 437 3360 steph.
459 3273 542 3337 thes.
563 3273 604 3338 Gr.
623 3273 662 3338 L.
672 3274 708 3336 “I
733 3278 744 3335 1
776 3296 807 3359 p.
835 3273 893 3335 142
901 3321 910 3353 ‚
935 3275 993 3334 143
1022 3269 1209 3333 ed.·Didot.

102 3377 229 3442 Mansa
255 3373 362 3459 Spart.
385 3374 401 3437 Ι
427 3380 440 3438 1
470 3400 502 3462 p.
527 3380 585 3440 153
614 3377 654 3441 0.
684 3373 832 3439 Mueller.
859 3371 939 3438 Dor.
968 3372 1004 3435 II
1030 3374 1087 3435 241.
1120 3371 1209 3457 (add.

102 3480 138 3544 L.
153 3477 357 3541 Bachmann.
377 3477 514 3542 anecdd.
529 3479 547 3542 Ι
566 3482 614 3563 18,
631 3481 669 3542 19
693 3486 725 3542 et
745 3476 863 3541 ‘schol
879 3473 1016 3538 Aristid.
1031 3471 1067 3536 ΙΙ
1083 3496 1115 3557 p.
1132 3475 1209 3537 172⁹

103 3603 119 3644 a
141 3579 295 3644 Schneid.
319 3579 384 3648 lox.
406 3579 473 3668 Ip.
494 3583 539 3668 4).
1115 3573 1117 3578 ’

170 3737 196 3804 l)
216 3738 344 3789 Reiskius
361 3755 406 3803 ap.
417 3738 525 3792 Schaat.
544 3754 606 3804 app.
624 3738 684 3788 crit.
704 3738 782 3788 Dcm.
792 3738 830 3788 IV
845 3753 872 3802 p.
882 3735 924 3790 28.
943 3735 990 3800 qui
1000 3735 1133 3798 Harpoor.
1148 3749 1171 3785 s.
1183 3750 1210 3784 v.

102 3813 115 3872 ὁ
134 3815 268 3874 κάτωθεν
288 3815 376 3888 νόμος
391 3840 405 3873 e
418 3824 530 3890 Didymi
542 3823 680 3874 volumine
695 3817 759 3887 περὶ
773 3811 973 3888 ἀπορουμένης
989 3812 1087 3882 λέξεως
1101 3817 1212 3868 fluxisse

103 3913 265 3978 suspicatur,
281 3911 379 3961 erroris
398 3911 559 3960 manifestus
579 3915 629 3961 est.

169 3999 197 4066 2)
217 3997 295 4048 Adde
309 3999 424 4062 Dionys.
443 3997 508 4049 Hal.
526 4014 569 4063 ep.
588 3996 623 4049 ad
634 3997 684 4048 Cn.
704 3998 800 4060 Pomp.
819 3995 847 4044 ΙΙ
866 3995 883 4044 6
900 4013 936 4037 =
953 4008 979 4056 p.
1001 3989 1033 4040 18
1060 3991 1161 4052 Krueg.
1181 3987 1225 4036 11·
1319 4017 1320 4020 =

104 4087 134 4138 13
157 4103 186 4152 p.
204 4087 247 4149 23,
273 4085 306 4134 dc
324 4085 448 4150 Thucyd.
472 4083 556 4135 indic.
581 4084 662 4134 XXII
683 4099 710 4148 p.
733 4082 782 4132 125
802 4081 932 4135 ΧΧΙΙΙ4
957 4095 984 4143 p.
1010 4078 1059 4127 127
1085 4073 1207 4123 XXIVl

46 4175 48 4183 ⁴
104 4190 128 4238 p.
147 4175 199 4224 128
222 4174 281 4223 122
303 4187 330 4237 p.
350 4172 411 4223 204.
436 4171 525 4224 wila.
544 4171 626 4224 rhatt.
643 4171 690 4222 Gr.
708 4169 796 4234 111p.
815 4168 876 4231 581,
895 4162 1033 4228 [fichol.
1052 4163 1117 4210 Eur.
1135 4157 1208 4210 Med.

104 4259 163 4314 suo.
182 4258 274 4312 Schol.
292 4259 376 4324 Soph.
395 4259 454 4312 OT.
473 4259 516 4311 56.
539 4305 542 4308 .
