2894 4890
1179 372 1240 434 237

128 536 271 626 ἥμενος,
292 540 349 605 alii
369 535 510 624 ἡμένας.
546 537 716 604 Thiersch.
740 534 851 623 ἡμένα
874 539 1022 604 coniecit.
1058 538 1244 603 Lenissima

130 644 277 731 profecto
302 652 399 730 atque
421 643 517 707 unice
540 650 616 728 apta
638 651 687 706 est
704 642 842 728 Didymi
863 640 1001 705 medela.
1048 645 1244 706 HMENOC
1366 653 1368 656 ’

130 749 218 810 enim
244 744 311 828 legi
340 753 447 831 potest
476 737 631 827 ἡμένους.
658 781 700 791 -
725 743 764 806 V.
786 742 898 808 Wolff.
925 741 1025 808 schol.
1054 742 1152 828 Soph.
1180 743 1240 807 La.

127 872 161 935 p.
188 851 227 911 19
250 855 282 912 et
305 845 406 911 schol.
431 844 528 938 Soph.
551 844 630 910 Ant.
649 848 710 911 798
732 843 912 932 (παρίδρος
932 853 965 908 et
987 841 1178 932 πάρεδρος).
1217 835 1220 842 ’

660 1037 700 1096 54

221 1151 325 1215 Inser.
341 1152 434 1216 Nem.
447 1157 498 1218 1A
516 1176 548 1239 p.
566 1155 627 1215 510
651 1144 732 1214 οὐδὲ
752 1144 854 1233 ὅλως,
875 1148 979 1231 φησὶν
1001 1143 1019 1215 ὁ
1040 1152 1243 1236 Δίδυμος,

123 1253 234 1337 ,ἐχρῆν
262 1249 325 1336 τὴν
352 1247 443 1341 ρίδην
470 1250 597 1335 ταύτην
625 1253 671 1328 είς
699 1245 778 1327 τούς
811 1249 983 1328 ἐπινίκους
1010 1257 1242 1318 σννενοῑσθαι·

131 1350 174 1419 οὐ
199 1351 263 1438 γάρ
286 1352 379 1438 ἱερὸν
403 1350 518 1437 άγοῐνα
537 1355 714 1436 νενίκηκεν
734 1346 751 1417 ὁ
773 1347 1018 1438 Ἀρισταγόρας,
1039 1348 1122 1420 άλλά
1146 1378 1242 1440 περι-

134 1454 275 1540 χώρους.
322 1453 514 1540 γεγράφθαι
537 1455 603 1543 (δέ)
628 1471 711 1538 φησι
732 1450 795 1536 τὴν
816 1447 907 1540 ᾠδὴν
929 1457 974 1532 είς
989 1453 1245 1540 πρυτανεύοντα

134 1557 189 1624 καὶ
221 1561 280 1641 τῆς
309 1554 438 1635 πόλεως
470 1561 663 1641 προεστῶτα
695 1551 756 1621 τόν
787 1551 1043 1642 Ἀρισταγόραν,
1077 1557 1181 1642 σαφὲς
1207 1558 1244 1623 δὲ

132 1664 234 1726 τοῦτο
252 1658 290 1742 ἐξ
314 1649 363 1727 ὦν
385 1679 490 1743 φησιν
514 1660 560 1746 (v.
586 1659 657 1746 10)·
688 1651 791 1724 άλλὰ
814 1654 892 1723 σόν
915 1657 1013 1746 δόξα
1033 1662 1151 1738 τέλος
1169 1662 1245 1724 δυ-

134 1759 411 1846 ωδεκάμηνον
436 1757 622 1845 περάσει.
667 1755 861 1844 ἠπατησθαι
883 1761 922 1826 δέ
942 1779 1047 1845 φησιν
1069 1755 1087 1826 ὁ
1111 1763 1245 1828 Δίδυ-

134 1889 209 1948 μος
232 1865 359 1945 ἐνίους,
379 1857 423 1940 ὣς
443 1851 557 1928 δοκεῖν
571 1857 683 1946 ίεροός
703 1860 893 1945 στεφάνους
915 1858 1021 1928 αὐτόν
1041 1858 1244 1950 αἰνηρησθαι.

136 1960 193 2030 διὰ
214 1969 272 2048 της
295 1958 383 2053 ᾠδῆς
410 1962 447 2028 δὲ
469 1968 679 2048 σημαίνεται,
701 1957 752 2040 ὅτι
773 1961 962 2047 στεφάνους
985 1968 1079 2050 ἔσχεν
1098 1961 1143 2044 ὡς
1166 1965 1245 2031 δέκα

134 2065 190 2150 ἕξ,
218 2061 291 2131 ἀλλ’
323 2059 398 2147 οὐχὶ
423 2062 655 2150 περιοδικοός,
681 2059 726 2141 ὡς
745 2063 986 2150 ἐπλανήθησαν
1008 2068 1045 2132 ἐκ
1066 2071 1128 2132 τοῦ
1149 2067 1245 2151 λίγε-

137 2175 233 2234 σθαι·
275 2167 440 2244 ἐλπίδες
462 2160 494 2230 δ’
512 2161 792 2249 ὀκνηρότεραι
813 2168 971 2248 γονέων
986 2163 1245 2252 παιδὸςβίαν

137 2272 262 2353 ἔσχον
292 2268 335 2332 ἐν
363 2271 542 2333 Πυθῶνι
567 2265 889 2350 πειρᾶσθαι-καὶ
913 2262 1114 2355 Ὀλυμπίᾳ
1140 2263 1245 2333 άέθ-

136 2368 229 2436 λων.
268 2364 309 2434 οὐ
333 2367 397 2456 γάρ
418 2374 570 2453 σημαίνει
593 2363 649 2432 διὰ
671 2364 812 2453 τούτων,
837 2362 881 2446 ὡς
896 2364 1033 2453 ’Ἰσθμια
1055 2369 1110 2440 καὶ
1130 2369 1243 2452 Νέμεα

138 2469 353 2556 νενικηκότος
378 2467 503 2555 αὐτοῦ,
532 2465 615 2535 ἀλλά
642 2463 844 2562 τούνανρίον
869 2472 903 2535 οί
929 2483 1039 2555 γονεῖς
1067 2465 1113 2536 δι’
1144 2465 1245 2536 εόλά-

138 2579 235 2659 βειαν
265 2569 468 2656 συγγενικὴν
495 2567 558 2637 οὐκ
585 2566 782 2636 ἀπέστειλαν
810 2567 916 2638 αὐτόν
943 2573 996 2639 ἐπὶ
1025 2573 1104 2651 τούς
1132 2568 1245 2656 ίεροδς

137 2671 345 2757 στεφάνους,
374 2673 445 2739 ἐπεὶ
472 2666 536 2739 κάν
553 2667 689 2756 Ἴσθμια
716 2671 771 2737 καὶ
788 2675 903 2758 Νέμεα
934 2671 1073 2758 εἰλήφει.
1118 2673 1244 2738 ἐποίσει

136 2771 217 2858 γάρ·
241 2772 307 2838 vai
328 2773 380 2858 μά
399 2769 475 2859 μὰρ
494 2769 641 2861 ὅρκον,
667 2769 768 2857 ἐμάν
799 2773 927 2853 δόξαν
950 2771 1057 2860 παρά
1082 2779 1245 2839 Καστα-

137 2879 204 2963 λίηι
224 2875 292 2940 καί
314 2871 408 2960 παρ’
435 2869 650 2963 εόδένδρφ
672 2870 811 2959 μολόν
832 2869 943 2964 όχθφ
968 2875 1135 2960 Κρόνου
1153 2873 1247 2942 κάλ-

137 2982 231 3042 λιον
250 2969 299 3041 άν
321 2974 569 3060 δηριόντοιν
588 2971 824 3058 ένεστήσατ’
848 2971 1095 3043 ἀντιπάλων.
1128 2971 1246 3062 όμνόει

139 3075 204 3163 γάρ
228 3072 244 3142 ὁ
268 3080 456 3162 Πίνδαρος,
486 3073 538 3145 ὅτι
558 3074 641 3142 κατὰ
663 3071 725 3159 τὴν
748 3077 870 3142 ἑαυτοῦ
893 3075 1012 3165 δόξαν,
1038 3081 1068 3143 εί
1088 3077 1248 3162 ἐξεδήμη-

138 3197 198 3245 σεν
229 3181 275 3257 είς
295 3183 451 3245 Πυθῶνα
474 3179 530 3243 καὶ
549 3174 749 3262 Ὀλυμπίαν,
777 3177 917 3246 κάλλιον
943 3172 985 3244 ἂν
1001 3183 1070 3247 τῶν
1093 3175 1247 3264 ἀνταγω-

138 3284 264 3346 νιστῶν
287 3278 531 3364 ἐπανεληλύθει
559 3282 605 3357 είς
624 3276 686 3363 τὴν
708 3281 868 3365 πατρίδα,
897 3279 1069 3346 τουτέστιν
1093 3280 1247 3366 ἐνίκησεν

138 3377 192 3450 άν.
234 3385 301 3447 νῦν
324 3381 360 3446 δὲ
383 3381 513 3458 ἐλπίδες
532 3376 750 3467 ὀκνηρότεραι
771 3383 932 3464 κατέσχον
954 3385 1022 3447 τῶν
1040 3384 1169 3465 γονέων
1191 3380 1247 3448 αὐ-

139 3481 218 3568 τόν,
249 3479 302 3548 διό
325 3477 401 3547 οὐδ’
429 3478 515 3560 ὅλος
543 3481 754 3568 ἐξεδήμησεν.
806 3483 1011 3549 συντακτέον
1037 3473 1118 3568 οὖν,
1143 3484 1247 3567 φησὶν

139 3580 157 3650 ὁ
183 3586 373 3667 Δίδυμος
400 3586 446 3661 είς
466 3578 505 3648 τά
528 3589 702 3670 παροίνια,
734 3581 824 3650 καθά
847 3584 991 3660 καὶτοῖς
1012 3579 1164 3666 περὶτόυ
1179 3589 1244 3649 Φα-

140 3688 278 3768 σηλίτην
300 3680 442 3768 ἀρέσκει.
464 3686 477 3771 Η
498 3680 585 3763 ὅλως
606 3675 670 3750 οὖν
692 3685 749 3751 κτὲ
769 3688 834 3750 iam
855 3685 938 3750 alius
958 3691 1043 3748 sunt.

226 3785 357 3851 ‘Voluit
383 3787 484 3872 igitur
510 3786 673 3873 Didymus
701 3788 744 3851 ad
770 3784 888 3851 σκολιά
914 3785 1053 3868 referre,
1080 3786 1143 3849 nisi
1163 3785 1248 3849 forte

141 3889 310 3970 παρθένια
334 3886 557 3970 scribendum,
587 3897 624 3952 ut
641 3889 683 3952 ad
702 3887 834 3952 tertium
853 3887 973 3951 librum
989 3886 1248 3966 Partheniorum‚

142 3990 197 4074 qui
230 3990 375 4052 earmina
407 3989 552 4053 miscella
586 3988 875 4074 complectebatur,
903 3987 1079 4051 retulerit.'
1122 3984 1247 4068 Bergk.

138 4088 192 4151 ed.
214 4088 269 4152 alt.
291 4112 323 4174 p.
339 4093 408 4153 195.
438 4087 620 4152 Prudenter
631 4090 793 4175 Dionysio
806 4087 990 4151 Phaselitae
1009 4086 1171 4177 Didymus
1192 4084 1247 4146 ob-

128 4193 272 4254 ‘secutus
292 4198 351 4253 est.
383 4188 436 4252 Of.
451 4189 685 4276 Bernhardyus
706 4191 876 4266 succi-net.
890 4187 937 4250 lit.
957 4187 1015 4250 Gr.
1028 4186 1103 4248 hist.
1117 4185 1151 4247 ΙΙ
1174 4186 1247 4246 527.
