2894 4890
540 366 740 427 -Φ-
1139 367 1196 427 171

180 535 250 596 185.
277 525 386 608 οὕτως
405 527 442 596 δέ
464 526 547 596 κατὰ
568 524 708 612 δοτικὴν
727 527 954 611 ἐκγεγαῶτι
975 529 1012 592 αί
1028 523 1200 614 Ἀριστάρ-
1262 621 1269 632 ¹

90 658 163 719 χον.
185 633 227 699 A.

179 738 248 799 196.
272 733 387 798 0113.

178 840 248 900 191.
268 829 479 918 Ἀρίσταρχος
502 835 563 912 ἐξω
585 838 647 899 τοῦ
670 833 723 900 δέ·
744 838 947 918 κρείσσων
969 823 1077 898 αὖτε.
1102 835 1143 899 A.

181 941 252 1002 195.
276 930 387 1000 οὐδέ·
410 929 621 1020 Ἀρίσταρχος
644 930 750 1001 οὔτε.
774 936 815 999 A.

177 1042 248 1103 217.
276 1034 385 1114 οὕτως
407 1034 463 1102 διὰ
489 1041 552 1103 τοῦ
573 1036 627 1122 γέ,
651 1036 802 1121 ἐμέθεν
824 1031 857 1121 γ’
879 1034 1040 1116 ἐλάσας.
1061 1038 1103 1104 Α.
1138 1039 1200 1126 [τι-

84 1138 147 1218 νὲς
169 1138 357 1216 πελάσας.
378 1139 432 1228 V.]

87 1289 90 1294 ι
177 1245 249 1306 246.
270 1235 481 1325 Ἀρίσταρχος
501 1241 543 1306 ἐκ
560 1243 695 1325 δίνης,
717 1235 813 1306 άλλοι
833 1242 878 1306 ἐκ
899 1245 1052 1328 λίμνης.
1074 1245 1116 1309 Α.
1147 1244 1198 1309 Of.

91 1347 131 1412 V.
152 1354 184 1409 et
205 1344 428 1410 Aristonicum
448 1345 536 1428 apud
556 1342 679 1407 Friedl.
701 1366 733 1429 p.
753 1349 825 1410 309.

178 1449 249 1512 249.
294 1439 402 1521 οὕτως
434 1441 472 1512 δὲ
505 1442 658 1511 πόνοιο
688 1446 724 1509 αί
741 1439 1045 1530 Ἀριστάρχουδιά
1072 1451 1134 1512 τοῦ
1164 1469 1199 1512 π.

88 1543 330 1634 Ἀριστοφάνης
352 1544 521 1632 φόνοιο,
543 1546 599 1612 καὶ
621 1542 726 1629 λόγον
748 1549 824 1631 ἔχει.
846 1548 888 1616 Α.

177 1648 262 1735 [262.
284 1643 393 1726 οὕτως
414 1645 572 1732 φθάνει
596 1642 652 1713 διὰ
671 1651 732 1714 τοῦ
753 1647 869 1733 ἑτέρον
891 1672 918 1733 ε,
939 1643 981 1713 οὐ
1004 1650 1198 1732 φθονέει.

90 1753 129 1815 Β.
172 1750 325 1836 Suspicor
345 1751 419 1832 δίχα
440 1751 525 1838 κοιλ]

176 1855 248 1916 265.
277 1846 493 1937 ὁρμήσειε·
525 1847 690 1937 γράφεται
712 1853 768 1918 καὶ
790 1850 991 1937 οἰμήσειε.
1027 1857 1201 1938 προκρίνει

90 1950 128 2022 δέ
150 1948 213 2036 τὴν
232 1946 288 2016 διὰ
310 1956 371 2017 τοῦ
394 1977 414 2038 ρ
436 1949 573 2039 γραφὴν
591 1949 811 2040 Ἀρίσταρχος.
834 1956 938 2021 AVB.

178 2055 262 2141 [282.
287 2053 324 2119 ἐν
345 2058 386 2140 τῇ
409 2059 672 2142 Μασσαλιωτικῇ
696 2056 928 2140 εἱρχθέντα.
957 2055 1011 2142 V.]

177 2160 248 2221 393.
272 2157 405 2239 ἔσχεν·
426 2153 636 2243 Ἀρίσταρχος
653 2153 709 2222 διά
730 2164 821 2222 τούι
842 2165 882 2222 ίσ
889 2181 968 2241 χεν.
991 2158 1033 2221 A.

101 2309 104 2314 .
177 2261 248 2322 319.
270 2258 311 2322 V.
335 2260 435 2342 διχῶς
456 2249 521 2323 οὖν
542 2254 563 2343 ἡ
585 2255 700 2342 γραφη
720 2282 765 2326 sc.
791 2256 913 2324 εἰλύσω
936 2268 968 2323 et
989 2256 1117 2345 ἐλπίσω]

177 2362 250 2424 321.
264 2398 307 2409 -
328 2353 345 2424 ὁ
369 2358 405 2424 δέ
426 2355 636 2446 Ἀρίσταρχος
658 2358 715 2426 διά
734 2365 795 2425 τοῦ
817 2385 838 2425 ν
857 2355 1024 2439 άνλέξαι
1045 2353 1121 2424 άντὶ
1138 2359 1201 2424 τοῦ

91 2459 232 2539 ἀλλέξαι.
257 2461 359 2525 ABV.

176 2565 248 2626 347.
269 2556 479 2646 Ἀρίσταρχος
496 2556 722 2647 ιἰνξηράνη.
744 2564 786 2628 A.
809 2560 892 2647 μετὰ
912 2568 975 2628 τοῦ
991 2589 1028 2628 ν·
1051 2605 1094 2616 --
1111 2563 1201 2646 Ἀρι-

91 2661 261 2746 στοφάνης
283 2663 320 2728 δὲ
337 2663 501 2747 γράφεται
521 2659 606 2742 αἶψ’
628 2664 874 2742 ἐξεναίνειν.
903 2667 944 2731 V.
990 2666 1042 2731 Of.
1069 2664 1198 2730 Nauck.

91 2765 258 2851 Aristoph.
281 2766 363 2852 Byz.
385 2789 418 2852 p.
440 2769 491 2832 38.
1043 2803 1046 2810 ·

176 2869 248 2930 351.
282 2867 318 2930 αί
347 2867 383 2932 ἐκ
416 2872 484 2932 τῶν
510 2866 643 2935 πόλεων
671 2864 744 2952 ἠδὲ
767 2867 967 2952 κοπάρων
999 2867 1197 2956 (κόπαιρον)

92 2961 192 3050 εἶχον.
214 2969 255 3040 A.

172 3073 245 3135 355.
267 3067 375 3149 οὕτως
398 3076 536 3158 πνοιῇ·
555 3073 593 3137 έν
615 3088 681 3136 τισι
703 3071 739 3135 δέ
757 3073 865 3158 ῥιπῇ.
886 3073 928 3136 A.
958 3097 962 3102 ’

177 3175 249 3236 363.
280 3176 448 3259 κνίσην·
480 3169 589 3250 οὕτως
607 3168 827 3257 Ἀρίσταρχος.
860 3169 956 3240 άλλοι
983 3172 1021 3238 δὲ
1042 3177 1199 3256 κνίσης.

91 3273 131 3337 A.
163 3274 256 3340 .ibid.
288 3277 495 3340 Aristonicus
502 3325 511 3359 ,
538 3276 656 3341 deinde
683 3271 853 3360 γράφουσι
884 3277 923 3341 δέ
938 3298 1026 3352 τινες
1047 3277 1201 3357 κνίσην

91 3371 157 3439 σόν
178 3379 224 3462 τῷ
246 3401 281 3439 ν·
302 3372 410 3455 οὕτως
423 3372 492 3461 γάρ
514 3376 569 3441 καὶ
586 3372 808 3462 Ἀρίσταρχος,
828 3381 886 3442 καί
906 3394 1028 3461 φησιν,
1051 3372 1103 3442 ὅτι
1123 3373 1199 3441 ἀντὶ

92 3481 151 3541 τοῦ
174 3475 373 3563 τηκόμενος,
393 3473 476 3564 ὅπερ
499 3479 698 3562 ίσοδνναμεί
716 3483 762 3564 τῷ
782 3476 904 3562 τηκων.
936 3482 1056 3563 κνίσην
1076 3478 1114 3544 δὲ
1131 3483 1199 3544 πάν

93 3575 128 3641 τό
152 3579 295 3663 πιμελές.
318 3581 360 3644 A.
383 3578 479 3644 Adde
497 3581 537 3644 B.

176 3684 248 3745 397.
272 3676 380 3756 οὕτως
399 3675 610 3764 Ἀρίσταρχος
631 3679 845 3759 πανόψιον
866 3676 903 3746 τό
925 3682 1029 3747 οίονελ
1048 3676 1199 3763 πανόρα-

91 3806 150 3846 τον
172 3781 227 3846 καὶ
248 3777 403 3866 λαμπρόν
424 3781 479 3846 καλ
501 3781 670 3866 ἐπιφανές.
693 3783 734 3847 Α.
758 3782 810 3847 Of.
834 3783 884 3866 Β,
907 3784 964 3848 ubi
978 3782 1199 3852 Antimachea

90 3884 187 3947 lectio
210 3892 341 3948 notatur
361 3878 596 3967 ὑπονόσφιον.
894 3873 895 3878 ¹

173 3987 246 4047 442.
270 3982 378 4062 οὕτως
392 3985 543 4050 ἐνταῦθα
559 3987 750 4070 μέμνηαι·
773 3986 875 4068 διπλῆ
892 3980 956 4069 γάρ
971 3980 992 4069 ἡ
1009 3987 1135 4069 χρῆσις.
1155 3983 1197 4046 A.

176 4089 249 4149 446.
273 4084 438 4171 γράφεται
461 4083 598 4171 πόλει,
620 4081 666 4163 ὡς
683 4081 934 4170 Ἀριστοφάνης.
957 4088 998 4151 A.

170 4190 243 4250 454.
278 4183 387 4264 οὕτως
413 4184 622 4272 Ἀρίσταρχος
650 4184 940 4274 τηλεδαπάων·
976 4187 1013 4250 αί
1035 4178 1101 4250 άπὸ
1130 4185 1199 4246 των

89 4284 221 4352 πόλεων
242 4284 532 4373 θηλυτεράων.
552 4290 594 4354 A.
