2866 4882
1159 336 1219 398 273

106 498 216 576 partes
230 499 388 555 vocantur
410 493 445 554 in
463 492 596 556 scholiis
619 494 660 557 ad
673 495 743 558 00.
762 496 833 558 388.
858 497 929 558 396.
950 499 1021 561 681.
1045 503 1116 582 966,
1140 524 1219 589 quos

111 591 217 672 locos,
239 600 361 656 utnon
384 593 546 657 intellexit
569 595 730 677 Ritterus,
760 596 805 658 ita
827 596 933 659 minus
956 605 1043 662 recte
1064 600 1220 687 interpre-

106 699 194 754 tatus
217 700 276 774 081,
294 713 390 777 quem
411 703 521 758 tamen
540 694 676 759 meliora
690 696 825 759 edocere
846 705 996 783 poterant
1014 700 1055 763 ab
1078 702 1149 786 ipso
1163 724 1218 789 ap-

106 792 233 877 positus
263 793 363 858 schol.
387 795 482 859 Pind.
507 795 559 859 Ol.
583 797 614 859 V
635 800 675 859 55
695 805 727 860 et
741 796 886 882 Hesych.
911 796 1115 882 ἐναροφόροι
1133 826 1219 866 κυν-

108 891 202 974 data.
247 892 409 958 Nimirum
431 897 466 958 in
489 896 589 961 schol.
617 897 686 961 00.
711 900 773 963 388
794 898 896 963 verba
918 897 1066 985 χρησμὸς
1086 941 1129 954 -
1151 899 1218 986 χώ-

106 1015 167 1074 ρας
199 1015 218 1056 0
241 994 400 1060 nobiliore
423 999 563 1083 quodam
589 1001 817 1081 grammatico,
845 999 985 1065 fortasse
1014 1002 1216 1086 Aristarcho,

106 1097 141 1156 in
159 1095 251 1158 cuius
273 1095 376 1160 verba
392 1098 510 1183 reliqui
532 1101 677 1162 iurarent
700 1121 827 1182 omnes,
851 1101 997 1187 profecta
1019 1111 1110 1184 sunt3
1133 1125 1216 1190 quae

35 1219 37 1222 ’
107 1204 286 1281 sequuntur
320 1197 361 1260 ab
396 1196 588 1281 ἐβουλόμην
615 1238 658 1250 -
688 1203 831 1281 ποιητοῦ
859 1203 1040 1288 Didymum
1076 1205 1218 1289 sapiunt,

105 1297 161 1381 qui
184 1297 282 1359 etiam
305 1318 356 1382 ap.
371 1298 471 1362 schol.
495 1298 594 1384 Soph.
609 1298 676 1362 00.
700 1303 778 1363 1593
803 1303 949 1386 queritur
972 1297 1213 1384 ‘dpcipvvcou'

105 1395 175 1460 00.
197 1399 258 1460 390
283 1392 416 1474 εὐσοίας
438 1399 525 1463 idem
540 1399 750 1463 Aristarchus
770 1403 904 1487 eiusque
920 1403 1073 1490 discipuli
1093 1412 1125 1468 et
1141 1427 1214 1490 pro-

104 1497 202 1561 basse
235 1506 267 1562 et
297 1499 494 1584 explicuisse
516 1501 668 1564 videntur
695 1501 823 1590 (Hes),
853 1502 921 1566 00.
945 1506 1002 1566 681
1033 1526 1111 1569 vero
1133 1507 1213 1570 inte-

104 1621 199 1682 grum
223 1620 265 1663 ex
282 1600 531 1685 hypomnemate
547 1602 685 1687 Didymi
708 1601 813 1685 fluxit,
836 1603 1038 1686 iungendum
1058 1627 1131 1670 cum
1142 1606 1212 1670 00.

104 1702 177 1765 684.
222 1701 329 1764 Affert
355 1700 519 1787 Didymus
559 1701 927 1786 hypomnematistarum
953 1704 1056 1768 verba
1091 1705 1167 1769 inde
1194 1727 1214 1768 a

104 1802 162 1882 τῆς
190 1797 437 1883 Δήμητρος-
463 1795 605 1882 ἀνεῖται,
633 1802 674 1866 ab
701 1797 756 1866 ὅτε
785 1801 825 1867 δέ
850 1804 928 1868 inde
949 1806 1019 1890 ipse
1045 1809 1213 1872 continuat

104 1923 295 1965 sermonem.

143 2061 144 2064 ,
189 2002 367 2068 Difficilior
391 2004 561 2066 enucleatu
589 2024 641 2066 res
667 2012 731 2085 081,
754 2004 833 2068 Ρ108
861 2005 1109 2070 scholiastarum
1130 2006 1212 2070 alter

105 2102 179 2167 fons
206 2104 284 2190 quid
312 2102 502 2189 scripserit?
546 2104 630 2166 Nam
657 2125 698 2166 ne
721 2103 812 2178 illud
825 2106 955 2190 quidem
978 2115 1119 2188 constat,
1148 2129 1212 2191 qua

103 2204 157 2268 hic
188 2212 294 2268 aetate
324 2212 356 2268 01
374 2203 431 2268 ubi
455 2202 599 2266 locorum
621 2204 756 2285 vixerit,
792 2225 987 2289 quamquam
1011 2208 1212 2291 comparanti

104 2305 184 2368 mihi
214 2304 313 2369 schol.
341 2304 462 2390 Odyss.
492 2305 513 2367 6
546 2306 607 2366 356
637 2310 664 2366 o
684 2305 745 2368 372
773 2304 881 2389 (665)
915 2304 1210 2370 iisaccensendus

105 2405 326 2489 grammaticis
350 2425 432 2478 esse
464 2404 608 2487 videtur,
643 2405 699 2491 qui
735 2412 858 2468 certam
890 2403 1000 2500 sedem
1035 2407 1210 2492 aspernati,

104 2506 350 2592 peregrinantes
373 2517 405 2570 et
426 2504 608 2570 scriberent
630 2515 662 2569 et
681 2506 848 2584 docerent,
872 2502 983 2589 quales
1005 2507 1102 2568 etiam
1124 2507 1210 2592 Apio

105 2615 137 2669 et
164 2604 355 2670 Alexander
380 2607 594 2693 Cotyaeensis
624 2607 765 2671 fuerunt.
821 2604 943 2683 Quaeri
972 2606 1069 2668 etiam
1093 2616 1209 2692 potest,

105 2708 189 2771 sitne
219 2707 297 2771 Pius
331 2708 385 2772 hic
413 2731 433 2772 a
460 2708 570 2773 Cestio
590 2707 650 2771 Pio
675 2707 804 2770 rhetore
827 2705 970 2785 Graeco,
1004 2708 1095 2769 cuius
1124 2707 1209 2792 apud

105 2807 262 2872 Senecam
282 2809 447 2874 multoties
470 2811 590 2872 mentio
611 2809 743 2871 inicitur
764 2806 902 2868 fortasse
924 2825 991 2891 non
1010 2806 1209 2890 distinguen-

105 2910 181 2991 dus,
204 2930 246 2971 an
267 2912 399 2975 natione
419 2910 565 2976 Graecus
593 2910 733 2996 patrium
755 2928 872 2970 nomen
894 2905 1033 2971 Eusebii
1054 2921 1127 2968 cum
1148 2904 1209 2967 La-

104 3012 172 3074 tino
201 3012 331 3074 nomine
364 3012 417 3075 Pii
448 3012 633 3075 mutaverit.
689 3008 842 3071 Fonasse
875 3006 926 3069 Pii
959 3015 1008 3070 cst
1030 3004 1140 3069 schol.
1167 3004 1210 3068 ad

105 3111 202 3197 Soph.
222 3111 291 3176 00.
319 3117 398 3176 1647
422 3113 475 3176 ΕΙ.
498 3117 528 3176 4.
552 3117 582 3176 6.
606 3116 635 3191 7,
652 3129 767 3194 neque,
790 3107 900 3171 rhetor
913 3107 942 3170 si
965 3106 1209 3192 fuit‚improha-

104 3213 214 3276 bilitcr
243 3212 285 3277 ab
320 3215 434 3278 eodem
469 3214 627 3298 originem
665 3210 783 3274 ducere
823 3208 947 3271 dixeris
976 3229 1144 3294 quaequae
1175 3207 1209 3269 in

106 3311 220 3378 scholl.
242 3312 301 3377 La.
326 3314 489 3379 rhetorem
510 3316 655 3399 sapiunt,
680 3332 707 3374 0.
720 3332 752 3394 g.
770 3307 838 3372 OC.
862 3311 935 3372 939.
956 3312 1028 3373 916.
1054 3312 1133 3371 1254
1154 3307 1209 3371 Ai.
1337 3379 1338 3382 Ἴ

108 3417 188 3482 1655
220 3413 273 3478 El.
303 3421 354 3481 50.
386 3419 458 3482 526.
488 3417 560 3478 558.
589 3415 661 3478 998.
693 3413 765 3473 999.
796 3413 875 3473 1619
899 3410 954 3472 Tr.
981 3412 1038 3472 118
1064 3409 1208 3495 (18000).

104 3514 193 3578 Dein
227 3538 300 3580 cum
328 3516 558 3601 Aristophanis
592 3511 794 3598 grammatici
829 3510 869 3574 de
900 3533 932 3573 v.
962 3511 1210 3590 μασχαλίσματα

105 3614 292 3683 observatio
322 3640 342 3680 a
363 3617 508 3704 Didymo
535 3613 750 3697 transscripta
772 3633 809 3675 eo
830 3633 888 3675 nos
910 3609 1023 3690 ducat,
1052 3617 1088 3672 ut
1107 3607 1208 3670 schol.

105 3716 148 3780 06
175 3716 227 3780 ΕΙ.
255 3721 316 3780 445
346 3719 423 3783 inde
447 3740 467 3782 a
493 3717 602 3782 verbis
632 3710 797 3778 εἰώθεσαν
821 3713 855 3775 οἱ
876 3713 1022 3792 δρῶντες
1042 3728 1145 3792 usque
1167 3705 1210 3768 ad

104 3819 221 3900 ἔλεγον
248 3818 290 3882 06
310 3818 447 3904 Didymi
475 3817 693 3903 hypomnema
714 3813 906 3907 referamus,
937 3833 954 3874 0
976 3810 1029 3873 Pii
1050 3828 1209 3872 commen·

103 3920 187 3983 tario
211 3920 284 3982 fieri
309 3926 416 4005 potest
447 3927 482 3980 ut
510 3915 626 3981 scholii
656 3936 732 4000 pars
760 3914 919 3999 posterior
947 3911 1137 3996 deprompta
1157 3907 1209 3985 sit,

104 4021 138 4086 in
161 4042 224 4106 quo
238 4018 432 4105 Apollonius
454 4018 602 4082 Rhodius
623 4017 672 4079 IV
695 4019 756 4079 477
780 4016 968 4079 advocatur.
1001 4008 1113 4074 Simile
1132 4005 1210 4091 quid

105 4129 211 4184 statuo
232 4122 272 4185 de
293 4119 406 4184 scholl.
428 4119 471 4183 ad
495 4142 527 4182 v.
552 4122 610 4182 711
636 4126 668 4181 01
689 4121 766 4198 745,
789 4135 925 4201 quorum
946 4111 1028 4175 illud
1049 4130 1122 4173 cum
1143 4107 1209 4169 He-

104 4221 217 4306 sychio
247 4221 436 4306 conspirans
457 4219 618 4306 Didymo,
645 4219 707 4282 hoc
730 4209 1055 4368 Ρ100680010801ἓ10,
1078 4205 1211 4293 Apollo-x

156 4343 316 4386 moruus.
