2752 4890
113 346 172 442 152
534 345 605 394 ⁸-
647 349 677 420 π
715 383 757 396 .-

195 515 246 577 89.
281 513 318 576 αῖ
336 507 532 594 Ζηνοδότου
554 512 794 598 ἐκπέρσειν,
814 508 855 592 οὐ
877 497 1134 593 καλλείψειν.
1169 516 1224 582 καλ

112 617 311 700 παρίστησιν
328 601 424 698 ἦδος.
447 613 489 678 A.
586 613 589 620 '

196 736 248 799 95.
259 771 303 784 ·-
314 730 370 796 καί
385 725 627 817 Ἀριστοφάνης
647 734 682 798 δέ
695 733 886 818 προηδέτει.
906 736 948 801 A.
973 735 1025 801 Of.
1042 735 1223 800 Duentzer.

112 835 271 901 Zenodot.
293 857 325 920 p.
350 837 379 918 5,
405 838 453 899 19.

199 957 269 1017 114.
294 993 338 1002 -
362 950 552 1038 Ζηνόδοτος
579 950 616 1018 δὲ
646 949 779 1038 ἠδέτει,
814 952 904 1037 παρά
925 950 1162 1038 Ἀριστοφάνει
1189 957 1224 1020 δέ
1306 991 1312 1006 ε

112 1048 176 1119 οόκ
199 1047 251 1137 ἦν.
282 1050 319 1119 τό
344 1052 380 1121 δέ
401 1050 591 1132 κάλυψεν
612 1049 775 1133 Ἰωνικοῖς.
795 1058 837 1122 A.
882 1058 980 1143 (Leg.
1002 1052 1114 1136 Ἰακώς
1135 1081 1224 1124 more

114 1156 216 1222 schol.
240 1156 361 1242 solito.)
398 1156 449 1222 cf.
474 1156 616 1222 Duentz.
640 1158 765 1223 Zenod.
788 1181 820 1245 p.
843 1162 873 1223 5.

201 1275 285 1363 [118.
310 1277 441 1360 ἐμεῖο·
477 1267 567 1340 οὕτω
590 1275 790 1360 Ζηνόδοτος.
813 1274 901 1355 τινές
923 1275 959 1342 δὲ
982 1276 1114 1362 ἐμοῖο,
1137 1269 1226 1364 ίν’ᾖ

111 1375 258 1461 κτητική.
276 1377 330 1465 V.]

200 1499 270 1561 118.
294 1495 424 1579 ἐμοῖο·
455 1490 564 1574 οὕτως
580 1480 792 1579 Ἀρίδταρχος
813 1495 1004 1582 Ζηνόδοτος
1032 1496 1069 1563 δὲ
1092 1497 1224 1582 ἐμεῖο·

115 1591 179 1664 οὐκ
200 1592 325 1681 ὀρθῶς.
347 1598 390 1662 A.
971 1675 973 1678 Ι

202 1721 272 1784 125.
313 1720 348 1783 αί
365 1713 582 1802 Ἀριστάρχου
611 1719 648 1782 εί
664 1715 784 1783 ἐτεόν
807 1741 897 1802 περ,
931 1711 977 1782 ἵν’
1002 1706 1023 1801 ᾖ
1054 1719 1160 1781 ταῦτα
1191 1714 1225 1780 δέ

113 1816 201 1904 ὑμᾶς
218 1815 305 1897 είκδς
318 1819 441 1884 είδέναι
457 1815 653 1904 άκηκοότας,
670 1822 700 1884 εί
714 1815 826 1904 ἀληθῆ
842 1821 937 1902 λέγω.
962 1819 998 1882 αί
1010 1817 1046 1882 δὲ
1063 1816 1233 1902 δημώδεις·

117 1919 168 2001 ὡς
190 1918 310 1989 ἐτεόν
328 1946 414 2005 περ.
433 1923 475 1988 A.

205 2045 274 2109 148.
299 2035 601 2128 ἡἈριστοφάνους
625 2036 680 2106 διά
705 2043 768 2105 τοῦ
789 2038 835 2105 δέ
842 2063 849 2078 ·
873 2033 1002 2104 ὅσσον
1021 2032 1054 2102 δ’
1080 2035 1227 2103 ἐννεά-

113 2150 235 2228 χιλοι.
258 2145 300 2209 A.

203 2251 274 2312 157.
302 2241 515 2328 Ἀρίσταρχος
537 2246 841 2326 πολυπίδακος,
864 2237 961 2307 άλλοι
987 2242 1024 2307 δέ
1048 2246 1228 2307 πολυπι-

117 2349 257 2416 δάκου.
280 2348 321 2412 A.
344 2347 456 2434 (Quod
471 2346 590 2422 τελέως
612 2340 773 2428 άχροικον
790 2345 920 2410 videtur
936 2345 1031 2410 alteri
1046 2343 1148 2409 schol.
1170 2345 1227 2430 A.)

205 2455 273 2516 162.
304 2451 522 2515 Aristonicum
538 2448 552 2537 ΙΙ
568 2442 890 2535 Βὶδφῑυαεάγνοεῖν
913 2443 949 2511 δὲ
975 2440 1037 2529 τὴν
1059 2444 1230 2530 διαφοράν

117 2550 223 2620 αὐτόν
245 2546 588 2637 φησινἈρίσταρχος.
612 2550 653 2613 A.

205 2660 273 2719 177.
294 2650 484 2739 Ζηνόδοτος
505 2650 560 2717 καὶ
576 2644 819 2735 Ἀριστοφάνης
839 2647 996 2727 καλοὺς
1017 2649 1087 2715 καὶ
1109 2646 1231 2732 μεγά-

117 2766 225 2835 λους.
247 2758 290 2823 A.
946 2783 947 2786 ¹

206 2863 276 2924 181.
325 2851 531 2942 Ἀρίσταρχος
550 2849 653 2941 ζώνη
674 2852 728 2920 καὶ
749 2847 945 2939 ἀραρυίῃ·
981 2845 1076 2916 άλλοι
1097 2851 1134 2917 δέ
1156 2847 1231 2929 ζά-

118 2986 193 3046 νην
214 2960 267 3023 καὶ
287 2954 505 3043 ἀραρυῖαν.
529 2956 570 3020 A.
951 2981 955 3006 ι

206 3061 291 3148 [202.
315 3060 355 3124 οἵ
372 3083 418 3142 με
441 3069 606 3143 σφοῖσι·
629 3056 694 3122 σόν
716 3059 757 3141 τῆ
778 3055 821 3121 ἐν
841 3056 878 3120 αί
894 3051 1121 3142 Ἀριστάρχου.
1143 3057 1199 3144 V.]

207 3164 292 3252 [203.
316 3158 371 3228 διὰ
392 3165 455 3226 τοῦ
477 3186 497 3226 α
514 3155 615 3238 Ῥείας
635 3161 671 3225 αί
688 3154 915 3244 Ἀριστάρχου.
939 3153 1047 3235 οὕτως
1070 3158 1125 3222 καὶ
1141 3153 1232 3242 Ἀρι-

121 3262 300 3350 στοφάνης.
327 3263 369 3328 A.

204 3368 276 3430 208.
300 3366 468 3431 κείνων·
492 3357 556 3429 σόν
579 3368 625 3451 τῷ
645 3387 666 3428 ν
691 3357 934 3448 Ἀριστοφάνης
954 3363 1009 3426 καὶ
1033 3359 1233 3446 Ζηνόδοτος.

117 3462 326 3552 Ἀρίσταρχος
338 3463 374 3529 δὲ
390 3457 640 3548 δμηρικιότερόν
655 3481 760 3550 φησιν
773 3459 869 3547 εἶναι,
884 3467 914 3530 εί
924 3467 1058 3544 κείνους
1069 3467 1236 3548 παραπεί-

120 3586 206 3634 σασα
232 3563 294 3651 τὴν
322 3563 444 3651 ψυχήν.
487 3565 645 3652 ἐγχωρεῖν
666 3566 702 3632 δέ
725 3567 780 3630 καὶ
802 3563 884 3650 μετὰ
906 3569 968 3630 τοῦ
990 3589 1027 3650 ν,
1061 3567 1092 3630 εί
1111 3568 1236 3630 κείνιον

121 3667 157 3736 τό
187 3671 251 3751 κῆρ
278 3671 427 3733 πείσασα.
472 3662 514 3732 οό
540 3671 602 3754 δεῖ
618 3667 654 3733 δέ
676 3670 863 3748 ξενίζεσθαι
886 3666 940 3732 ἐπὶ
961 3678 1032 3746 ταῖς
1051 3670 1119 3734 τεόν
1143 3665 1236 3733 πτοί-

121 3789 209 3838 σεων
231 3769 436 3852 ἐναλλαγαῖς.
460 3772 501 3835 A.
888 3823 890 3828 .

205 3875 277 3936 213.
299 3910 342 3921 -
362 3872 543 3956 προηθίτει
565 3873 601 3938 δὲ
624 3871 679 3938 καλ
695 3867 947 3958 Ἀριστοφάνης.
973 3872 1016 3937 A.

207 3977 280 4038 216.
303 3971 346 4036 ἐν
369 3968 401 4038 δ’
423 3969 637 4058 ὀαριστύς·
660 3976 697 4040 ἐν
718 3988 784 4040 τισι
807 3977 875 4040 τεόν
891 3967 1142 4060 ὑπομνημάτων
1165 3965 1232 4055 ἧδ’

123 4069 333 4160 ὀαριστύς.
356 4076 398 4141 A.

207 4181 279 4244 223.
300 4161 509 4261 Ἀριιτιὶρχος
531 4180 657 4267 μειῳ,
679 4174 776 4245 λιιιι
797 4173 833 4244 οὲ
857 4175 916 4263 ἑῷ.
939 4176 981 4241 Α.

292 4277 361 4370 [ἔην
383 4274 489 4359 οὕτως
511 4285 728 4365 Αρίσταρχος,
748 4278 936 4364 Ζηνόδοτος
958 4273 996 4342 δέ
1018 4277 1118 4364 μέσφ.
1141 4275 1196 4364 V.]
