2866 4882
220 351 285 415 272

211 539 278 581 -cur
308 517 413 602 primo
447 517 517 582 loco
551 518 591 582 de
613 519 729 582 studiis
757 519 860 582 nostri
879 516 1153 606 lexicographicis
1173 541 1336 584 commen-

219 627 307 682 tatus
325 619 406 700 sim,
428 627 465 682 ut
485 618 622 683 lectores
638 619 733 683 huius
750 621 865 705 capitis
888 618 1033 684 breviter
1054 620 1161 686 isthuc
1180 621 1337 704 ablegare

215 741 360 806 possem.
405 718 479 782 Hoc
494 719 596 802 igitur
618 719 689 783 loco
703 721 961 806 praepositiones
982 723 1236 807 sumtionesque,
1258 743 1336 807 qua-

217 844 290 887 rum
313 821 348 885 id
369 841 572 904 consequens
595 829 654 902 est,
676 830 713 885 ut
733 822 913 908 Didymum
937 824 1022 887 inter
1045 821 1243 886 scholiorum
1265 820 1337 886 fon-

216 933 268 990 tes
303 943 478 1010 ponamus,
518 921 673 1008 deinceps
713 945 920 988 enumerasse
960 925 1039 988 satis
1075 923 1191 988 habe0.
1253 923 1337 986 Sunt

218 1047 298 1090 vero
322 1023 399 1088 hae:

307 1126 339 1207 1)
362 1124 527 1210 Didymus
556 1124 781 1191 collectionem
807 1124 1057 1208 vocabulorum,
1086 1125 1204 1212 quibus
1229 1129 1262 1188 et
1285 1147 1336 1188 co-

218 1228 296 1291 mici
319 1236 352 1291 et
370 1227 488 1310 tragici
513 1234 628 1312 poetae
649 1227 701 1290 usi
728 1234 820 1309 sunt,
844 1226 1000 1309 instituit,
1026 1249 1123 1313 quam
1144 1228 1185 1294 in,
1200 1226 1335 1291 brevius

220 1337 420 1393 contractam
438 1328 624 1414 Hesychius
650 1329 810 1412 sartagini
832 1349 910 1391 suae
933 1328 1080 1392 inseruit.

306 1432 339 1518 2)
374 1430 460 1494 idem
492 1431 742 1493 commentarios
770 1430 841 1493 sive
872 1428 1186 1515 hypomnematain
1212 1427 1334 1515 Sopho·

220 1533 303 1596 clem
326 1530 514 1616 Euripidem
535 1530 789 1615 Aristophanem
812 1529 983 1595 Cratinum
1005 1529 1150 1616 Eupolin
1173 1529 1332 1592 elimavit.

306 1634 339 1717 3)
363 1632 451 1696 idem
471 1631 723 1718 hypomnemata
744 1630 801 1694 illa
821 1632 881 1714 ita,
902 1630 1011 1696 lexica
1030 1654 1102 1696 cum
1126 1629 1334 1694 elucubrare-

218 1743 288 1817 tur,
312 1733 472 1814 excussit,
494 1740 531 1796 ut
551 1740 652 1796 semet
676 1734 783 1819 ipsum
805 1734 899 1820 quasi
918 1733 1111 1820 compilasse
1132 1733 1312 1797 videretur.

304 1836 338 1921 4)
361 1842 499 1920 utroque
521 1856 618 1921 opere
641 1835 765 1900 scholia
786 1836 834 1898 uti
859 1842 995 1900 constat.

306 1936 394 1999 Hinc
423 1957 475 1999 me
503 1937 611 2001 iudice
640 1936 794 2020 efficitur,
825 1945 861 2001 ut
889 1935 1086 2002 scholiorum
1106 1935 1332 2022 Hesychiique

220 2062 398 2105 consensus
422 2038 487 2103 alio
514 2039 652 2103 artificio
674 2037 833 2124 explicari
854 2059 950 2123 posse
976 2059 1042 2100 non
1071 2037 1239 2120 videatur,
1269 2039 1333 2101 nisi

220 2144 248 2205 si
271 2135 379 2204 sumas
402 2139 444 2202 ab
465 2147 602 2226 utroque
625 2141 763 2226 Didymi
784 2161 864 2204 arva
886 2138 1022 2224 depasta
1043 2160 1124 2202 esse.
1160 2138 1332 2204 Absonum

220 2242 306 2306 enim
319 2248 406 2303 esset
426 2240 513 2322 inde,
536 2240 623 2326 quod
643 2240 743 2304 schol.
762 2240 817 2303 Tr.
839 2243 914 2304 1161
940 2242 1102 2325 tragicum
1123 2239 1254 2305 lexicon
1276 2240 1332 2303 ad—

219 2340 339 2422 hibeat,
363 2341 411 2403 sic
434 2349 576 2405 statuere
600 2340 696 2421 velle,
719 2339 843 2404 scholia
865 2338 936 2422 La,
960 2343 1110 2427 quotiens
1131 2364 1204 2405 cum
1225 2341 1332 2427 Hesy-

220 2443 293 2506 chio
322 2442 527 2526 conspirent,
555 2442 676 2528 ubique
698 2440 789 2505 illam
810 2441 1010 2526 farraginem
1035 2443 1246 2529 compilasse,
1269 2445 1332 2529 pri-

218 2567 322 2626 mum,
344 2542 448 2630 quod,
476 2542 593 2629 quibus
613 2543 899 2629 hypomnematum
922 2545 1150 2608 continuorum
1171 2543 1332 2629 amplissi-

218 2667 408 2732 morumquc
441 2645 746 2708 commentariorum
774 2667 852 2708 usus
884 2667 1058 2709 concessus
1093 2654 1176 2727 erat,
1212 2645 1246 2707 hi
1268 2653 1332 2707 tar-

218 2749 309 2814 diore
331 2746 445 2811 labore
469 2747 617 2833 dispersa
644 2769 702 2832 per
724 2746 823 2810 lexici
848 2748 953 2833 spatia
972 2745 1133 2810 vocabula
1156 2744 1330 2810 evolvendi

217 2848 471 2933 conligendique
506 2847 605 2911 facile
640 2847 854 2934 supersedere
887 2856 1052 2934 poterant,
1092 2846 1210 2910 deinde
1242 2843 1329 2929 quod

217 2957 470 3015 consentaneum
499 2957 563 3029 est,
590 2947 696 3012 lexica
723 2957 792 3013 tuni
818 2949 946 3012 demum
973 2949 1119 3013 adhibita'
1141 2965 1227 3026 esse,
1255 2965 1328 3007 cum
1363 2965 1368 2974 ·

217 3052 258 3115 de
279 3049 546 3136 interpretatione
568 3046 679 3135 aliqua
700 3048 801 3113 dubia
822 3049 1024 3114 consulenda
1042 3055 1166 3126 essent,
1182 3045 1217 3108 id
1241 3044 1329 3131 quod

217 3152 339 3214 factum
369 3150 519 3213 videmus
552 3149 607 3212 Tr.
642 3154 719 3213 1161
756 3150 808 3213 El.
839 3155 911 3214 451.
962 3148 1057 3228 Quod
1089 3147 1117 3208 si
1150 3145 1328 3210 lectoribus

216 3250 370 3336 probavi,
401 3248 488 3312 bona
509 3248 704 3314 scholiorum
734 3275 823 3339 pars,
850 3273 912 3339 qua
936 3251 976 3313 de
999 3269 1097 3334 supra
1117 3249 1152 3311 in
1174 3246 1329 3311 disserta-

216 3354 305 3415 tione
325 3351 366 3415 de
388 3350 496 3416 lexico
511 3351 636 3434 tragico
652 3351 826 3438 disputavi,
846 3350 1026 3435 Didymum
1045 3357 1215 3434 parentem
1229 3371 1329 3434 agno·

216 3461 295 3536 scet,
318 3473 424 3539 neque
444 3452 514 3535 erit,
537 3473 595 3514 our
610 3452 839 3517 addubitemus
852 3450 978 3516 Wolffii
996 3441 1180 3538 Ritterique
1202 3460 1330 3516 senten·
1369 3479 1370 3484 ¹

216 3555 307 3636 tiam,
330 3576 428 3641 equa
450 3547 487 3617 τὸ
519 3547 701 3637 ὑπόμνημα
723 3577 743 3617 a
764 3552 947 3618 scholiastis
970 3553 1104 3616 citatum
1125 3574 1145 3614 a
1166 3575 1325 3617 commen·

215 3657 309 3721 tariis
332 3656 506 3743 Didymeis
536 3654 801 3740 distinguendum
825 3676 892 3717 non
921 3661 987 3734 est,
1018 3662 1050 3718 et
1076 3655 1139 3739 ipsi
1165 3655 1328 3741 amplecti,

214 3757 312 3822 modo
331 3758 367 3821 in
382 3757 444 3821 hoc
464 3778 484 3819 a
497 3757 622 3820 Rittero
646 3755 742 3840 longe
762 3754 986 3835 discedamus,
1007 3755 1062 3840 qui
1083 3750 1119 3819 τὸ
1145 3751 1329 3839 ὑπόμνημα

216 3869 248 3924 et
257 3853 618 3941 ὑπομνημτισαμένους
626 3856 814 3921 confundat.
826 3856 952 3940 Nempe
960 3855 1252 3941 inhypomnemate
1263 3856 1330 3921 lau-

216 3959 285 4024 dati
299 3969 392 4023 erant
403 3959 726 4046 hypomnematistac,
742 3959 776 4018 in
785 3957 1025 4020 commentariis
1032 3956 1207 4042 Didymeis
1214 3957 1329 4022 Praxi·

215 4061 339 4148 phanes
362 4062 599 4148 Aristophanes
622 4058 832 4124 Aristarchus
854 4056 928 4140 alii,
958 4060 1014 4143 qui
1037 4066 1069 4121 et
1089 4057 1329 4144 ἐξηγησάμενοι

214 4171 247 4226 et
269 4157 502 4240 ἁπαξάπαντες
523 4163 557 4225 ot
576 4155 641 4241 πρὸ
661 4155 756 4244 ἡμῶν
777 4160 923 4224 audiunt.
956 4161 1071 4245 Itaque
1093 4161 1232 4247 Didymi
1255 4170 1330 4229 sunt

212 4264 292 4327 Ant.
325 4267 398 4328 523.
429 4267 509 4328 1236
543 4262 595 4326 El.
623 4265 698 4327 451.
728 4263 801 4325 488.
854 4263 921 4327 Sed
946 4263 1134 4328 decessores
1162 4264 1267 4327 nostri
1294 4265 1329 4360 in
