2752 4890
503 385 706 446 -A-
1102 383 1161 448 125

137 556 211 619 290.
231 545 341 629 οὕτως
362 545 418 616 διά
439 551 501 615 τοῦ
518 573 540 633 η
562 543 600 613 τὸ
623 546 861 632 μαχήσομαι
880 543 1099 637 Ἀρίσταρχος.
1120 554 1163 617 A.

132 657 206 719 292.
249 647 358 731 οὕτως
380 652 417 716 αλ
433 647 649 735 Ἀριστάρχου
675 645 1036 735 άπὸστομάχονς.
1070 653 1108 718 αί
1126 651 1164 718 δὲ

49 759 189 834 πλείους
209 750 266 821 διά
290 758 353 821 τοῦ
374 777 390 820 ε
409 753 477 820 έπλ
497 749 740 837 στομάχους.
774 754 830 820 καί
852 754 943 820 ἔστιν
965 749 1031 821 οὐκ
1048 749 1166 841 άχοιρις

48 855 219 944 Aream
240 859 292 954 A·

138 962 212 1025 295.
252 955 465 1044 Ἀρίσταρχος
490 952 787 1042 άφυσσόμενον
814 955 871 1024 διά
891 962 953 1026 τοῦ
975 982 993 1025 ο
1016 981 1166 1044 παρατα·

51 1065 163 1141 τικτὸς.
186 1062 243 1128 καὶ
262 1051 422 1145 ἀναλογεῖ
442 1059 478 1126 τὸ
502 1062 629 1144 ἔκχεον.
651 1053 747 1127 ἄλλοι
769 1055 885 1128 δὲδιά
906 1064 970 1128 τοῦ
988 1085 1019 1140 α.
1042 1063 1125 1130 AV.

131 1167 205 1231 326.
225 1160 398 1254 ἑκάστῳ·
417 1158 629 1249 Ἀρίσταρχος
649 1159 733 1228 κατὰ
751 1157 890 1248 γενικὴν
908 1161 1096 1232 ἑκάστου.
1118 1168 1165 1233 A.

136 1268 209 1332 348.
230 1263 398 1349 χαλκός·
421 1261 530 1345 οὕτως
549 1261 774 1350 Ἀρίσταρχος·
793 1261 890 1333 ἄλλοι
912 1262 951 1332 δὲ
972 1263 1029 1332 διά
1049 1271 1113 1334 τοῦ
1134 1292 1166 1354 ν,

52 1365 223 1453 χαλκόν.
245 1361 355 1445 οὕτως
375 1362 516 1452 ἄμεινον
537 1360 593 1433 διὰ
613 1369 676 1432 τοῦ
698 1384 718 1431 σ
736 1366 898 1453 γράφειν·
918 1363 1050 1453 καὶγὰρ
1067 1364 1169 1436 ὕστε-

53 1595 142 1657 ρατι.
163 1570 236 1636 AB.

140 1673 213 1736 352.
237 1671 413 1738 Excidisse
430 1673 561 1738 videtur
584 1673 625 1738 de
643 1672 782 1740 lectione
793 1673 1005 1739 Aristarchea
1022 1674 1168 1759 δαμῆναι

55 1783 88 1838 et
110 1772 250 1839 aliorum
271 1770 444 1858 δάμασσον
466 1774 664 1864 οὺεεενυλὶο.

136 1878 218 1946 Ι362.
260 1870 364 1960 ἀμφὶ
392 1872 426 1941 δ’
448 1871 514 1959 ἄρ’
538 1871 662 1965 αὐτῷ·
693 1870 905 1962 Ἀρίσταρχος
924 1870 1030 1961 ἀμφὶ
1051 1873 1084 1943 δ’
1105 1871 1169 1961 ἄρ’

57 1973 173 2067 αὐτῇ.
216 1980 256 2065 τῇ
279 1983 532 2064 περικεφαλαίμ.
564 1978 606 2043 Α.
650 1978 748 2043 Adde
769 1979 800 2043 V
830 1979 868 2043 αί
885 1978 1093 2063 χαριέστεραι
1114 1979 1171 2046 καί

59 2082 212 2157 πλείονες
231 2084 392 2164 θηλυκοῖς
416 2083 562 2165 ἔχουσιν.

147 2185 220 2247 373.
243 2184 314 2246 καί
330 2180 381 2249 νά
405 2206 477 2249 κεν
496 2182 695 2266 είρνσσέυ
717 2203 776 2246 τε·
798 2180 837 2247 έν
858 2184 899 2268 τῇ
910 2175 1173 2265 Ἀριστοφάνους

60 2283 136 2347 καί
151 2279 201 2347 νά
216 2304 288 2348 κεν
303 2282 538 2370 έξείρυσεν,
559 2278 602 2351 οὐ
615 2283 730 2369 μέντοι
747 2281 785 2347 έν
800 2284 840 2369 τῇ
853 2276 1081 2367 Ἀριστάρχου.
1098 2283 1170 2348 AV.

145 2385 219 2449 402.
240 2383 310 2449 καλ
331 2393 463 2452 κείθι·
482 2381 692 2471 Ἀρίσταρχος
711 2381 793 2468 μετά
813 2388 875 2449 τοῦ
894 2409 907 2448 ι
928 2383 984 2450 καλ
1004 2392 1106 2452 κεῦθε.
1129 2386 1171 2451 A.

144 2488 218 2554 406.
231 2478 308 2550 άπά
318 2507 409 2550 ειπε
420 2485 623 2566 κελεύθους·
633 2483 845 2573 Ἀρίσταρχος
860 2480 1028 2552 ἀπόεικε
1042 2484 1098 2553 διά
1111 2495 1173 2553 τοῦ

59 2611 90 2671 κ,
111 2580 188 2650 ἀντὶ
210 2589 273 2653 τοῦ
295 2580 435 2653 άπόειπε
464 2588 520 2654 καλ
538 2586 639 2674 χωρίς
659 2591 722 2653 τοῦ
743 2606 763 2653 σ
783 2585 1004 2654 κελεύθου.
1034 2585 1172 2674 θαυμά-

61 2706 132 2753 σειε
146 2680 184 2753 δ’
207 2682 251 2753 άν
271 2697 331 2773 τις,
354 2682 375 2774 ἡ
398 2686 492 2774 ἑτέρα
514 2688 570 2756 διά
592 2693 654 2756 τοῦ
676 2712 701 2756 π
722 2685 833 2768 πόθεν
850 2687 990 2772 παρέδυ.
1013 2683 1173 2774 οὔτεγὰρ

64 2789 102 2854 έν
121 2799 193 2867 ταῖς
209 2787 484 2877 Ἀρισταρχείοις,
516 2785 595 2857 οὔτε
622 2792 660 2856 ἐν
689 2789 790 2877 έτέρφ
821 2794 891 2855 τῶν
918 2795 1004 2874 γοῦν
1029 2797 1175 2876 μετρίων

61 2887 296 2976 ἐμφερόμενον
326 2891 489 2977 πέφυκεν.
530 2891 585 2958 καλ
614 2887 657 2958 οὐ
685 2890 793 2979 μόνον
821 2891 859 2958 έν
888 2902 959 2969 ταῖς
987 2891 1173 2981 έκδόσεσιν,

65 2987 150 3084 άλλά
178 2991 234 3058 καλ
259 2993 297 3058 έν
315 3004 385 3073 τοῖς
405 2993 663 3080 συγγράμμασιν
685 2990 771 3073 ἅπαξ
793 2989 938 3073 άπαντες
957 2989 1066 3072 οὕτως
1086 2995 1175 3064 ἐκτί-

65 3102 197 3159 θενται.
240 3093 452 3182 προσθήσειν
481 3101 649 3182 μοιδοκῶ
675 3097 732 3164 καὶ
756 3090 819 3178 τὴν
839 3090 1056 3184 Ἀριστάρχου
1085 3101 1176 3179 λέξιν

33 3186 35 3191 ⁴
67 3190 177 3275 οὕτως
198 3197 343 3280 ἔχουσαν
365 3202 443 3284 *τῆς
464 3197 501 3266 δὲ
523 3200 570 3277 είς
587 3193 648 3278 τάς
668 3194 773 3277 θεοὺς
792 3192 878 3265 ὁδοῦ
901 3194 969 3266 ελκε
989 3198 1045 3266 καὶ
1067 3224 1177 3288 παρα-

69 3293 182 3384 χάρει,
204 3294 250 3383 μὴ
273 3301 455 3385 βαδίζουσα
477 3303 524 3379 είς
546 3294 682 3379 αὐτούς.
712 3301 753 3366 Α.

117 3423 124 3434 ’
149 3405 223 3466 415.
243 3394 453 3487 Ἀρίσταρχος
467 3397 578 3480 Ἰακῶς
600 3404 782 3486 ἔκπαγλα
803 3406 967 3486 φίλησα.
986 3405 1028 3470 Α.

148 3505 221 3567 410.
255 3505 399 3587 ἔχθεα·
433 3505 471 3570 έν
496 3508 537 3591 τῇ
563 3503 659 3591 ἑτέρᾳ
682 3508 752 3570 τοῖν
771 3497 1026 3590 Ἀρισταρχείοιν
1046 3501 1178 3590 ἄχθεα

65 3603 258 3691 ἐγέγραπτο.
280 3603 370 3682 τινὲς
390 3603 427 3670 δέ
449 3599 580 3688 άλγεα
602 3602 806 3691 γράφουσιν.
827 3609 869 3671 A.

151 3709 224 3770 434.
259 3703 517 3772 παύσασθαι·
538 3701 749 3793 Ἀρίσταρχος
768 3703 995 3774 παύεσθαι.
1018 3709 1060 3773 Α.

150 3810 224 3874 436.
252 3809 496 3894 δαμασθῇς·
515 3802 727 3894 Ἀρίσταρχος
747 3813 928 3897 δαμείῃς.
950 3805 994 3876 A.

604 3990 771 4060 Δ..

153 4116 184 4178 3.
218 4111 436 4203 έφνοχόει·
454 4105 540 4180 κατ’
566 4116 640 4180 ένια
661 4119 730 4182 τῶν
751 4111 1004 4202 ὑπομνημάτων
1024 4113 1179 4201 ένφνο-

68 4213 159 4297 χάει
183 4216 331 4300 φέρεται.
376 4217 412 4281 οἱ
431 4216 471 4281 δέ
489 4233 573 4300 φασι
594 4216 818 4300 Ζηνοδότειου
841 4212 926 4280 εἶναι
949 4213 1011 4298 τὴν
1033 4214 1178 4300 γραφήν.

69 4315 106 4380 έν
129 4313 243 4399 μέντοι
263 4327 334 4394 ταῖς
355 4315 509 4384 έκδόσεσι
529 4317 629 4405 χωρὶς
649 4322 712 4383 τοῦ
730 4342 751 4384 ν
774 4313 929 4402 εὕραμεν.
950 4319 993 4383 Α.
