2752 4890
555 390 766 451 -Μ,

189 657 237 715 11.
260 653 405 717 ἔπλεν·
429 647 538 732 οὕτως
557 563 776 741 Ἀρίσδάρχος.
799 655 871 720 AB.

184 746 406 836 [Ἀρίσταρχος
426 755 550 820 ἔπλεν
569 751 634 820 σόν
656 762 702 845 τῷ
722 782 754 840 ν,
778 757 814 822 ἐν
830 762 892 822 τοῦ
905 759 1024 824 ἔπελεν
1039 759 1215 847 σνγιιοπὴν

97 851 288 938 δεχόμενος.
328 850 519 938 Ζηνόδοτος
550 858 665 942 ἔπλε,
704 857 794 942 (add.
826 853 867 922 ἵν’
899 848 935 945 ᾖ)
965 855 1119 946 ἀποκοπή
1153 871 1214 930 τοῦ

98 957 226 1021 ἔπλετο.
250 955 304 1032 V]

185 1060 236 1120 26.
252 1058 427 1141 συνεχές
444 1054 656 1144 Ἀρίσταρχος
670 1054 744 1125 ταδ’
743 1057 980 1145 Ἀριστοφάνης
996 1058 1052 1126 διὰ
1065 1087 1125 1129 τον
1114 1063 1213 1130 ἑτέ-

95 1181 165 1242 ρου
186 1182 224 1221 ν..
238 1159 280 1222 Α.

183 1261 234 1323 311.
259 1256 367 1338 οὕτως
387 1257 596 1348 Ἀρίσταρχος
615 1263 824 1346 ἐποίησεν.
847 1264 889 1328 A.

182 1363 233 1424 40.
255 1357 497 1448 Ἀριστοφάνης
526 1363 732 1446 ἐμαίνετο
754 1366 796 1428 A.

181 1457 271 1525 44.’
251 1470 406 1530 αντίοι·
430 1462 594 1550 γράφεται
614 1461 770 1531 ἀντίον.
790 1487 899 1540 ουτως
914 1487 978 1546 γαρ
991 1458 1208 1552 Ἀρίσταρχος.

90 1561 137 1626 A.
161 1556 319 1639 [ἀντίον
341 1559 577 1671 ἀΐσσονται
598 1561 705 1644 οὕτως
721 1562 938 1651 Ἀίρσταρχος,
963 1565 1017 1642 V.]

181 1668 232 1729 46.
261 1637 480 1752 ἀγηνορίη·
510 1663 617 1745 οὕτως
647 1666 746 1753 χωρὶς
772 1672 835 1734 τοῦ
863 1663 1116 1752 ιἈρίσταρχος·
1139 1672 1210 1736 ἔστι

91 1761 159 1846 γὰρ
186 1759 208 1849 ή
232 1760 403 1852 ἀγηνορίοι.
426 1773 468 1834 Α.

181 1872 232 1931 54.
253 1874 365 1954 περί·
385 1867 624 1955 Ἀριστοφάνης
646 1864 870 1954 [Ἀρίσταρχος
887 1869 941 1946 V.]
965 1869 1042 1935 διά.
1063 1874 1137 1938 AV.

180 1972 231 2034 59.
251 1971 420 2055 ἐσβαίη·
450 1967 470 2054 ή
491 1969 712 2055 Ζηνοδότειος
736 1969 790 2036 καί
810 1967 1081 2054 Ἀριστοφάνειος
1106 1979 1207 2059 καβ-

88 2077 190 2159 βαίη
217 2077 374 2159 [καμβαίη
406 2075 476 2148 V.]·
508 2072 562 2138 καί
590 2067 654 2155 γάρ
689 2072 840 2157 ἐπιφέρει
869 2067 957 2137 “ἔνδ’
992 2067 1106 2150 οὔπως
1137 2076 1206 2141 ἔστι

88 2172 319 2259 καταβήμεναι
343 2170 423 2239 οὐδὲ
442 2171 631 2258 μάχεσθαι’.
657 2175 727 2260 (65)
750 2175 792 2239 A.
1108 2235 1110 2238 .

178 2279 229 2340 66.
253 2277 470 2341 Aristonicus.
487 2276 500 2363 ΙΙ
515 2272 703 2358 Ζηνόδοτος
725 2273 761 2339 δὲ
784 2273 839 2338 καί
868 2267 1110 2359 Ἀριστοφάνης
1137 2277 1206 2341 ίπ-

87 2380 206 2460 πήας.
225 2379 266 2442 A.
301 2378 431 2443 Deinde
452 2376 670 2442 Herodianus.

178 2483 228 2544 67.
262 2483 293 2545 εί
318 2479 394 2564 μὲν
420 2476 494 2562 γάρ
528 2475 586 2548 δὲ·
618 2473 859 2562 Ἀριστοφάνης
894 2471 1117 2560 [Ἀρίσταρχος
1150 2478 1189 2541 V.

88 2588 131 2650 εί
151 2581 225 2668 μὲν
245 2580 321 2666 γάρ
341 2577 451 2657 τούς.
474 2579 547 2644 AV.
1289 2601 1295 2606 ·

177 2677 398 2769 68.βοόλετ’
416 2675 608 2765 ἀρήγειν·
622 2670 698 2745 ἵετ’
717 2676 903 2765 ἀρήγειν.
917 2672 1025 2754 οὕτως
1038 2677 1201 2744 πᾶσαι.Α.

178 2790 229 2850 79.
260 2779 438 2868 πείρατ’·
470 2781 659 2866 Ζηνόδοτος
690 2779 745 2846 καὶ
778 2775 1020 2866 Ἀριστοφάνης
1050 2788 1201 2863 πεῖραρ

88 2891 220 2964 ἑνικῶς.
243 2888 284 2952 A.

176 2995 226 3058 75.
250 2983 440 3071 Ζηνόδοτος
459 2981 514 3052 διά
537 2988 600 3051 τοί
620 3007 639 3049 τ
660 2977 734 3060 τός
755 2975 803 3047 ἀν
825 2963 901 3066 ἐγώ
921 2987 1033 3046 είπα.
1058 2984 1099 3046 Α.

178 3095 247 3155 127.
270 3087 458 3172 Ζηνόδοτος
477 3081 550 3152 καί
545 3084 782 3170 Ἀριστοφάνης
800 3079 963 3160 δνίκιός“
940 3105 1083 3164 απαντα,
1105 3076 1201 3147 ἀνέ-

86 3219 133 3279 ρε
155 3188 325 3280 ἀρίστω,
345 3181 409 3255 υἷε
428 3184 683 3272 όπερδόμεο,
706 3187 861 3268 ιιιέτην.
883 3185 925 3249 A.
1088 3245 1090 3248 ,

176 3297 246 3358 142.
270 3287 378 3368 οὕτως
397 3285 607 3375 Ἀρίσταρχος
625 3285 768 3366 ἐόντες
790 3283 873 3352 κατὰ
902 3283 964 3370 τήν
986 3280 1132 3352 εὐθεῖαν.
1155 3284 1199 3350 Α.

73 3394 243 3473 ’[ίόντες
265 3395 302 3459 αί
322 3396 467 3469 πλείους.
494 3392 548 3467 V.]

175 3501 245 3560 147.
269 3491 377 3572 οὕτως
400 3493 441 3558 ἐν·
459 3487 601 3570 ἀπάσαις
624 3493 802 3575 δέχαται.
824 3490 866 3554 Α.

175 3601 245 3662 153.
269 3598 303 3662 οί
322 3596 397 3682 περὶ
416 3592 609 3679 Ζηνόδοτον
630 3590 787 3674 λάεσσι,
809 3601 877 3667 τοῖς
898 3593 1016 3666 λίθοις.
1051 3590 1093 3653 A.

164 3703 244 3780 159.
267 3694 375 3775 οὕτως
397 3692 452 3762 διὰ
470 3699 531 3760 τοῦ
551 3719 568 3760 ο
592 3695 700 3780 ῥέον.
717 3686 898 3777 Ὁμηρικόν
916 3685 953 3755 τό
977 3695 1092 3774 σχήμα.
1114 3690 1156 3754 A.

174 3804 258 3878 [161.
278 3796 488 3884 Ἀρίσταρχος
509 3796 798 3882 βαλλομένων,
822 3789 918 3858 ἀλλοι
933 3791 969 3856 δὲ
988 3791 1198 3877 βαλλόμε-

85 3926 164 3966 ναι.
188 3901 228 3966 V.
252 3897 529 3986 βαλλόμεναι·
553 3892 643 3962 οὕτω
665 3893 853 3980 Ζηνόδοτος
875 3895 928 3972 V.]
1119 3919 1121 3924 ·

75 4054 78 4059 .
171 4007 257 4081 [171.
281 3995 335 4080 εδς
349 4003 393 4066 οἵ
412 3994 464 4084 γ’·
485 3994 695 4083 Ἀρίσταρχος
721 3990 771 4073 δίς
790 3998 889 4062 οἵδε.
912 3996 966 4072 V.]

171 4093 802 4186 175-1869'55506119065uuluae&
825 4093 1063 4180 Ἀριστοφάνει.
1106 4086 1197 4173 παρὰ

82 4202 265 4292 Ζηνοδότφ
288 4203 325 4269 δὲ
348 4199 427 4269 οὐδὲ
450 4198 649 4287 ἐγράφοντο.
673 4200 723 4265 A.

169 4309 228 4370 211
234 4301 538 4389 ,ἐπιπλήσσεις
549 4277 1190 4382 οὕτωςδιάτοῦπ,ἐπιπλήσσειςΑ.

136 4431 295 4472 munaus.
886 4395 984 4455 1⁰
