2894 4890
576 427 618 437 -
663 387 780 454 44-
1180 393 1238 453 175

216 559 285 618 169.
316 549 357 618 τὰ
386 549 493 619 πολλὰ
522 558 591 619 τῶν
620 549 871 638 ὑπομνημάτων
897 549 953 619 διὰ
977 551 1039 619 τοῦ
1063 580 1078 619 ε
1100 557 1121 619 δ
1130 554 1238 640 ρετοί.

126 655 182 720 καὶ
204 654 286 739 τάχα
305 650 370 720 ἀπὸ
391 659 453 720 τοῦ
474 656 596 740 δέρειν.
618 657 660 721 A.
685 657 737 720 Of.
761 656 803 721 V.

215 759 284 821 198.
307 756 407 840 χωρὶς
428 756 466 822 δὲ
488 761 551 823 τοῦ
573 783 594 822 ν
615 754 653 821 τὸ
677 752 764 840 ὕλη.
788 758 823 821 oi
845 756 881 820 δὲ
903 751 1011 839 ὕλην
1030 751 1060 821 τ’
1085 754 1239 820 ἕσσεν--

127 881 245 940 οντο,
269 852 343 922 ἀντὶ
364 861 427 928 τοῦ
448 852 627 943 ὁρμήσειεν
648 860 682 922 oi
700 853 819 942 ἄνεμοι
838 860 947 922 καίειν
967 854 1030 941 τὴν
1047 853 1145 940 ὕλην.
1165 859 1237 922 Α7.

127 960 165 1024 έν
186 955 275 1045 ἄλλῳ
291 952 314 1022 ὕ
323 964 369 1041 1η
384 981 427 1024 τε
441 957 621 1024 σεύαιτο.
645 954 754 1036 οὕτως
769 959 805 1024 δὲ
822 959 877 1023 καὶ
892 960 954 1036 ἔξω
969 963 1032 1023 τοῦ
1047 982 1068 1021 ν
1085 952 1172 1040 ὕλη.
1195 959 1236 1024 A.

210 1064 282 1124 206.
306 1057 346 1136 ές
367 1070 503 1141 γαῖαν·
529 1059 568 1136 ἐς
585 1062 732 1145 δῆμον,
756 1055 849 1137 ῶςαί
864 1054 928 1124 ἀπὸ
945 1055 1171 1125 retractans.
1195 1059 1237 1122 Α.

210 1165 281 1224 244.
315 1161 353 1224 έν
373 1157 479 1248 ἄλλῳ·
513 1156 640 1238 αὐτὸς
668 1158 741 1226 ίῶν
769 1156 842 1225 ἀντὶ
867 1164 930 1225 τοῦ
952 1155 1053 1236 αὐτὸς
1075 1156 1172 1242 έχῶν.
1195 1163 1236 1224 A.

126 1263 265 1346 Recepi,
299 1263 387 1348 quod
412 1263 580 1348 praecedit
607 1264 814 1326 Aristonicus
841 1271 874 1326 et
893 1263 1142 1348 perversitatem
1162 1262 1238 1324 Ale-

127 1363 283 1426 xandrini
305 1364 474 1428 cuiusdam
496 1364 700 1448 grammatici
723 1365 817 1449 sapit.
1226 1425 1229 1430 ,
1252 1411 1254 1418 .

210 1463 295 1550 [259.
318 1463 373 1528 καὶ
396 1460 486 1546 παρὰ
504 1459 733 1546 Ἀριστοφάνει
758 1458 916 1546 ἠδίκηται
938 1466 1050 1527 τοῦτο.
1075 1463 1126 1548 7.]
1295 1501 1301 1512 ·

213 1566 285 1627 273.
305 1565 405 1648 διχῶς
424 1561 634 1651 Ἀρίσταρχος
657 1566 890 1649 δεδεγμένα
912 1564 966 1630 καί
989 1566 1008 1627 δ
1018 1565 1234 1648 εδεχμένα.

209 1752 281 1831 287.
315 1763 522 1850 ἄγερθεν·
556 1761 665 1842 οὕτως
683 1761 905 1850 Ἀρίσταρχος,
939 1762 1035 1832 ἄλλοι
1058 1762 1094 1830 δὲ
1117 1767 1237 1848 ἔγερ-

127 1878 214 1934 θεν.
233 1869 275 1932 Α.
298 1864 415 1944 ἄλλως.
440 1863 549 1944 οὕτως
570 1869 751 1950 ἔνερθεν
770 1865 826 1933 διὰ
845 1872 907 1932 τοῦ
925 1891 941 1932 ε
962 1870 999 1932 ai
1008 1864 1236 1951 Ἀριστάρχου,
1260 1909 1271 1926 .

127 1963 202 2035 οἷον
224 1965 428 2054 ἠγέρθησαν,
450 1963 644 2051 ἀνέστησαν,
665 1963 710 2046 ῶς
730 1968 803 2053 ἑξῆς
822 1973 898 2034 *καί
917 1964 950 2054 ῤ’
973 1967 1095 2052 ἥμονες
1115 1963 1236 2050 ἄνδρες

126 2067 297 2136 ἀνέσταν.

212 2177 285 2237 307.
305 2168 516 2255 Ἀρίσταρχος
534 2167 571 2234 δὲ
594 2164 712 2246 ἑνικῶς
731 2168 939 2254 ἐδίδαξεν,
959 2170 1012 2234 ἐπὶ
1034 2174 1097 2235 τοῦ
1112 2175 1236 2234 Ποσει-

128 2277 253 2358 δῶνος,
274 2274 407 2348 ίττττειος
425 2266 499 2353 γάρ.
522 2271 564 2334 A.
599 2270 778 2335 Aristonici
794 2274 1034 2338 adnotationem
1051 2271 1103 2334 his
1125 2269 1236 2334 verbis

128 2377 295 2439 continuat
322 2371 446 2437 Fricdl.
476 2394 509 2457 p.
533 2373 612 2454 331,
645 2373 701 2457 qni
728 2374 838 2437 nescio
861 2395 925 2459 qua
939 2394 1057 2437 caussa
1077 2370 1236 2456 impulsus
1328 2411 1329 2416 κ

128 2474 246 2552 ἑνικῶς
267 2475 468 2560 proscripsit.
512 2472 595 2535 Mihi
614 2481 727 2536 contra
748 2475 854 2559 ipsum
871 2475 958 2538 illud
977 2472 1095 2549 ἑνικῶς
1115 2473 1158 2536 ad
1178 2472 1236 2542 Di-

127 2577 261 2661 dymum
282 2596 341 2639 nos
361 2575 480 2638 ducere
501 2573 641 2638 videtur.
667 2572 718 2638 Of.
739 2580 766 2638 B
790 2578 848 2638 169
868 2579 899 2640 A
913 2577 976 2640 672
999 2577 1039 2638 Μ
1054 2578 1093 2638 79
1113 2577 1152 2638 Ν
1164 2576 1235 2635 179.

213 2671 284 2740 317.
319 2675 630 2795 ipcxr‘tppa'npn·¹
645 2674 870 2761 ἐρεθομένην,
893 2671 914 2740 ὅ
934 2675 1025 2740 ἐστιν
1047 2671 1237 2755 ἐρεθιζομέγ

124 2801 208 2862 νην,
229 2772 274 2854 ῶς
291 2773 329 2842 τὸ
354 2770 488 2858 θυμὸν
510 2773 678 2858 έρέχθων’
714 2777 745 2864 (ε
763 2778 817 2860 83)
850 2773 924 2842 ἀντὶ
942 2780 1004 2841 τοῦ
1027 2775 1191 2858 ἐρεθίσας.
1215 2766 1236 2855 ἢ

125 2879 385 2997 έερχομένχν
405 2871 479 2940 ἀντὶ
499 2898 560 2940 τον
581 2879 823 2962 συνεχομένην.
841 2879 898 2943 A.

214 2978 300 3065 [331.
331 3001 444 3062 ητεν
462 2995 569 3060 σημα
588 2983 777 3063 βροτοῖο
802 2975 1165 3065 Ἀρίσταρχοςχροιφει
1180 2971 1252 3058 ἠὲ,

125 3083 241 3163 σκίρος
260 3083 336 3166 ἔην·
358 3084 425 3143 νῦν
443 3069 488 3143 αὖ
506 3078 587 3143 θέτο
608 3076 739 3164 τέρματ’
758 3075 944 3164 ’Axii-teo&
965 3085 1035 3145 κτλ.
1061 3081 1112 3169 V]

126 3191 128 3194 ’
211 3186 282 3246 361.
306 3177 492 3269 δρόμους
514 3186 752 3262 πληθυντικῶς
768 3177 987 3266 Ἀρίσταρχος.
1009 3183 1050 3245 A.

209 3286 281 3347 374.
303 3278 365 3365 ἐφ’
390 3277 502 3358 ἁλός·
526 3275 634 3359 οὕτως
651 3276 870 3366 Ἀρίσταρχος.
894 3283 931 3346 αί
950 3283 987 3346 δὲ
1008 3285 1143 3357 πλείους
1164 3275 1232 3362 ἀφ’

121 3377 244 3458 ἁλός·
269 3378 470 3465 καὶμήαοτε
493 3379 596 3465 λόγον
620 3385 696 3466 ἔχει.
719 3384 761 3447 Α.

207 3488 280 3548 414.
303 3485 404 3565 διχῶς
425 3483 736 3567 έφαμαρτεῑτον
757 3483 812 3548 καὶ
825 3532 920 3549 .....
950 3485 992 3548 A.

90 3577 96 3586 ’
213 3581 296 3668 [417.
320 3579 377 3648 δια
396 3607 457 3647 τον
479 3583 707 3667 ἑτέρονδτό.
715 3581 1060 3660 ὑποδδείσαντες.
1082 3584 1136 3670 7.]

208 3682 292 3769 [421.
334 3689 471 3768 χῶρον
507 3680 681 3750 ἅπαντα
722 3679 1235 3844 Ἀριστοφάνηςχῶαένερ-
1262 3701 1265 3707 ’
1358 3685 1361 3692 ’

121 3791 211 3847 θεν
234 3784 288 3865 7.]

205 3887 279 3948 422.
303 3889 367 3971 τῇ·
387 3880 596 3968 Ἀρίσταρχος
617 3886 716 3967 χωρις
739 3889 800 3948 τοῦ
821 3908 892 3971 τη.
915 3885 957 3949 Α.

205 3989 278 4048 455.
298 4008 406 4061 ουτως
424 3982 536 4060 Ἰακῶς
558 3985 728 4048 τέτυκτο
749 3978 767 4048 ὁ
783 3980 1002 4069 Ἀρίσταρχος.
1026 3985 1068 4048 A.

207 4087 280 4147 461.
311 4095 442 4149 κεῖσε·
474 4080 664 4167 Ζηνόδοτος
685 4109 740 4149 και
755 4079 996 4222 Ἀριστοφανης
1017 4091 1149 4150 κειθι·
1180 4081 1235 4146 καὶ

123 4186 215 4247 ἔστιν
236 4177 500 4268 αναλοχῶτερον.
528 4186 569 4249 Α.
1331 4259 1332 4262 ¹

85 4323 89 4331 -
207 4287 280 4349 463.
305 4308 412 4362 οντοος
434 4282 491 4350 διὰ
512 4290 574 4350 τοῦ
596 4310 617 4368 η
641 4280 774 4350 νννδ’
794 4305 904 4366 ονττη
916 4279 1167 4364 Ἀριστοφανης.
1191 4283 1232 4344 A.
