<?xml version="1.0" encoding="UTF-8"?>
<!DOCTYPE html PUBLIC "-//W3C//DTD XHTML 1.0 Transitional//EN"
    "http://www.w3.org/TR/xhtml1/DTD/xhtml1-transitional.dtd">
<html xmlns="http://www.w3.org/1999/xhtml" xml:lang="en" lang="en">
 <head>
  <title>
</title>
<meta http-equiv="Content-Type" content="text/html;charset=utf-8" />
  <meta name='ocr-system' content='tesseract 3.04.00' />
  <meta name='ocr-capabilities' content='ocr_page ocr_carea ocr_par ocr_line ocrx_word'/>
</head>
<body>
  <div class='ocr_page' id='page_1' title='image "./didymichalcente01schmgoog_0149.png"; bbox 0 0 2752 4890; ppageno 0'>
   <div class='ocr_carea' id='block_1_1' title="bbox 564 379 770 444">
    <p class='ocr_par' dir='ltr' id='par_1_1' title="bbox 564 379 770 444">
     <span class='ocr_line' id='line_1_1' title="bbox 564 379 770 444; baseline 0 -16"><span class='ocrx_word' id='word_1_1' title='bbox 564 379 770 444; x_wconf 76' lang='grc' dir='ltr'><strong><em>..Η-</em></strong></span> 
     </span>
    </p>
   </div>
   <div class='ocr_carea' id='block_1_2' title="bbox 116 547 1234 1883">
    <p class='ocr_par' dir='ltr' id='par_1_2' title="bbox 116 547 1231 770">
     <span class='ocr_line' id='line_1_2' title="bbox 116 547 1231 664; baseline -0.001 -19"><span class='ocrx_word' id='word_1_2' title='bbox 116 589 152 645; x_wconf 77' lang='lat' dir='ltr'><strong><em>ut</em></strong></span> <span class='ocrx_word' id='word_1_3' title='bbox 182 577 348 643; x_wconf 84' lang='lat' dir='ltr'><strong>simillima</strong></span> <span class='ocrx_word' id='word_1_4' title='bbox 376 579 518 644; x_wconf 78' lang='lat' dir='ltr'>evadant</span> <span class='ocrx_word' id='word_1_5' title='bbox 552 549 630 663; x_wconf 71' lang='grc' dir='ltr'><strong><em>ζηνά</em></strong></span> <span class='ocrx_word' id='word_1_6' title='bbox 658 593 687 645; x_wconf 81' lang='grc' dir='ltr'><strong><em>οι</em></strong></span> <span class='ocrx_word' id='word_1_7' title='bbox 708 547 805 664; x_wconf 75' lang='grc' dir='ltr'><strong><em>ζηράι.</em></strong></span> <span class='ocrx_word' id='word_1_8' title='bbox 849 579 941 644; x_wconf 88' lang='lat' dir='ltr'><strong>Idem</strong></span> <span class='ocrx_word' id='word_1_9' title='bbox 964 579 1085 644; x_wconf 83' lang='lat' dir='ltr'><strong>accidit</strong></span> <span class='ocrx_word' id='word_1_10' title='bbox 1106 583 1136 644; x_wconf 84' lang='grc' dir='ltr'>Θ</span> <span class='ocrx_word' id='word_1_11' title='bbox 1159 581 1231 663; x_wconf 84' lang='grc'><strong>378,</strong></span> 
     </span>
     <span class='ocr_line' id='line_1_3' title="bbox 116 675 933 770; baseline -0.004 -24"><span class='ocrx_word' id='word_1_12' title='bbox 116 681 175 746; x_wconf 93' lang='lat' dir='ltr'><strong><em>ubi</em></strong></span> <span class='ocrx_word' id='word_1_13' title='bbox 195 682 230 746; x_wconf 92' lang='lat' dir='ltr'><strong><em>in</em></strong></span> <span class='ocrx_word' id='word_1_14' title='bbox 254 681 312 744; x_wconf 92' lang='lat' dir='ltr'><strong><em>BL</em></strong></span> <span class='ocrx_word' id='word_1_15' title='bbox 336 688 384 744; x_wconf 84' lang='lat' dir='ltr'><strong><em>est</em></strong></span> <span class='ocrx_word' id='word_1_16' title='bbox 400 675 606 770; x_wconf 83' lang='grc' dir='ltr'><strong><em>Ἡρφδιανός</em></strong></span> <span class='ocrx_word' id='word_1_17' title='bbox 624 681 660 744; x_wconf 90' lang='lat' dir='ltr'><strong><em>in</em></strong></span> <span class='ocrx_word' id='word_1_18' title='bbox 680 683 712 746; x_wconf 91' lang='lat' dir='ltr'>V</span> <span class='ocrx_word' id='word_1_19' title='bbox 733 677 933 765; x_wconf 74' lang='grc' dir='ltr'><em>Ζηνόδοτος.</em></span> 
     </span>
    </p>

    <p class='ocr_par' dir='ltr' id='par_1_3' title="bbox 202 777 954 868">
     <span class='ocr_line' id='line_1_4' title="bbox 202 777 954 868; baseline -0.001 -20"><span class='ocrx_word' id='word_1_20' title='bbox 202 786 274 848; x_wconf 83' lang='grc'><strong><em>330.</em></strong></span> <span class='ocrx_word' id='word_1_21' title='bbox 296 787 338 846; x_wconf 82' lang='grc' dir='ltr'><strong><em>εί</em></strong></span> <span class='ocrx_word' id='word_1_22' title='bbox 354 804 465 848; x_wconf 86' lang='grc' dir='ltr'><strong><em>τινα·</em></strong></span> <span class='ocrx_word' id='word_1_23' title='bbox 483 778 693 868; x_wconf 75' lang='grc' dir='ltr'><strong><em>Ἀρίσταρχος</em></strong></span> <span class='ocrx_word' id='word_1_24' title='bbox 714 777 763 848; x_wconf 80' lang='grc' dir='ltr'><strong><em>ὄν</em></strong></span> <span class='ocrx_word' id='word_1_25' title='bbox 784 807 891 850; x_wconf 88' lang='grc' dir='ltr'><strong><em>τινα.</em></strong></span> <span class='ocrx_word' id='word_1_26' title='bbox 912 785 954 848; x_wconf 99' lang='lat' dir='ltr'><strong>A.</strong></span> 
     </span>
    </p>

    <p class='ocr_par' dir='ltr' id='par_1_4' title="bbox 204 877 856 971">
     <span class='ocr_line' id='line_1_5' title="bbox 204 877 856 971; baseline -0.003 -21"><span class='ocrx_word' id='word_1_27' title='bbox 204 877 276 950; x_wconf 82' lang='grc'><strong>354.</strong></span> <span class='ocrx_word' id='word_1_28' title='bbox 300 877 392 948; x_wconf 79' lang='grc' dir='ltr'><strong><em>οὕτω</em></strong></span> <span class='ocrx_word' id='word_1_29' title='bbox 413 887 489 950; x_wconf 83' lang='grc' dir='ltr'><strong><em>νῦν</em></strong></span> <span class='ocrx_word' id='word_1_30' title='bbox 511 886 548 950; x_wconf 93' lang='grc' dir='ltr'><strong><em>αί</em></strong></span> <span class='ocrx_word' id='word_1_31' title='bbox 563 880 792 971; x_wconf 78' lang='grc' dir='ltr'><strong><em>Ἀριστάρχου.</em></strong></span> <span class='ocrx_word' id='word_1_32' title='bbox 815 886 856 949; x_wconf 91' lang='lat' dir='ltr'><strong>A.</strong></span> 
     </span>
    </p>

    <p class='ocr_par' dir='ltr' id='par_1_5' title="bbox 120 979 1234 1158">
     <span class='ocr_line' id='line_1_6' title="bbox 202 979 1234 1071; baseline -0.002 -21"><span class='ocrx_word' id='word_1_33' title='bbox 202 989 277 1050; x_wconf 85' lang='lat'><strong>415.</strong></span> <span class='ocrx_word' id='word_1_34' title='bbox 312 984 591 1054; x_wconf 89' lang='grc' dir='ltr'><strong><em>ναιετάωσαν·</em></strong></span> <span class='ocrx_word' id='word_1_35' title='bbox 621 981 832 1071; x_wconf 73' lang='grc' dir='ltr'><strong><em>Ἀρίσταρχος</em></strong></span> <span class='ocrx_word' id='word_1_36' title='bbox 869 979 925 1051; x_wconf 83' lang='grc' dir='ltr'><strong><em>διὰ</em></strong></span> <span class='ocrx_word' id='word_1_37' title='bbox 956 988 1018 1050; x_wconf 85' lang='grc' dir='ltr'><strong><em>τοῦ</em></strong></span> <span class='ocrx_word' id='word_1_38' title='bbox 1048 1008 1066 1049; x_wconf 94' lang='grc' dir='ltr'><strong><em>ο</em></strong></span> <span class='ocrx_word' id='word_1_39' title='bbox 1100 981 1234 1049; x_wconf 88' lang='grc' dir='ltr'><strong><em>ναιετά-</em></strong></span> 
     </span>
     <span class='ocr_line' id='line_1_7' title="bbox 120 1089 288 1158; baseline -0.024 0"><span class='ocrx_word' id='word_1_40' title='bbox 120 1104 224 1158; x_wconf 86' lang='grc' dir='ltr'><strong><em>ωσαν.</em></strong></span> <span class='ocrx_word' id='word_1_41' title='bbox 244 1089 288 1154; x_wconf 91' lang='lat' dir='ltr'><strong>A.</strong></span> 
     </span>
    </p>

    <p class='ocr_par' dir='ltr' id='par_1_6' title="bbox 203 1183 1058 1275">
     <span class='ocr_line' id='line_1_8' title="bbox 203 1183 1058 1275; baseline -0.005 -20"><span class='ocrx_word' id='word_1_42' title='bbox 203 1192 276 1255; x_wconf 82' lang='grc'><strong>432.</strong></span> <span class='ocrx_word' id='word_1_43' title='bbox 300 1184 409 1268; x_wconf 81' lang='grc' dir='ltr'><strong><em>οὕτως</em></strong></span> <span class='ocrx_word' id='word_1_44' title='bbox 426 1186 635 1275; x_wconf 78' lang='grc' dir='ltr'><strong><em>Ἀρίσταρχος</em></strong></span> <span class='ocrx_word' id='word_1_45' title='bbox 658 1184 713 1254; x_wconf 84' lang='grc' dir='ltr'><strong><em>διά</em></strong></span> <span class='ocrx_word' id='word_1_46' title='bbox 737 1192 799 1254; x_wconf 85' lang='grc' dir='ltr'><strong><em>τοῦ</em></strong></span> <span class='ocrx_word' id='word_1_47' title='bbox 820 1211 853 1273; x_wconf 83' lang='grc' dir='ltr'><strong><em>η,</em></strong></span> <span class='ocrx_word' id='word_1_48' title='bbox 876 1183 992 1273; x_wconf 79' lang='grc' dir='ltr'><strong><em>θήης.</em></strong></span> <span class='ocrx_word' id='word_1_49' title='bbox 1015 1188 1058 1251; x_wconf 87' lang='lat' dir='ltr'><strong><em>A.</em></strong></span> 
     </span>
    </p>

    <p class='ocr_par' dir='ltr' id='par_1_7' title="bbox 119 1284 1233 1480">
     <span class='ocr_line' id='line_1_9' title="bbox 204 1284 1233 1376; baseline -0.003 -21"><span class='ocrx_word' id='word_1_50' title='bbox 204 1294 278 1356; x_wconf 83' lang='lat'><strong>434.</strong></span> <span class='ocrx_word' id='word_1_51' title='bbox 309 1287 650 1376; x_wconf 82' lang='grc' dir='ltr'><strong><em>οὗτωςἈρίσταρχος</em></strong></span> <span class='ocrx_word' id='word_1_52' title='bbox 677 1286 875 1376; x_wconf 79' lang='grc' dir='ltr'><strong><em>ἀμβατος,</em></strong></span> <span class='ocrx_word' id='word_1_53' title='bbox 903 1291 1152 1368; x_wconf 87' lang='grc' dir='ltr'><strong><em>Καλλίστρατος</em></strong></span> <span class='ocrx_word' id='word_1_54' title='bbox 1179 1284 1233 1353; x_wconf 84' lang='grc' dir='ltr'><strong><em>διά</em></strong></span> 
     </span>
     <span class='ocr_line' id='line_1_10' title="bbox 119 1387 446 1480; baseline 0.003 -22"><span class='ocrx_word' id='word_1_55' title='bbox 119 1396 182 1459; x_wconf 84' lang='grc' dir='ltr'><strong><em>τοῦ</em></strong></span> <span class='ocrx_word' id='word_1_56' title='bbox 201 1417 222 1477; x_wconf 97' lang='grc' dir='ltr'><strong><em>η</em></strong></span> <span class='ocrx_word' id='word_1_57' title='bbox 244 1387 386 1480; x_wconf 86' lang='grc' dir='ltr'><strong><em>ἀμβάτη.</em></strong></span> <span class='ocrx_word' id='word_1_58' title='bbox 405 1394 446 1459; x_wconf 91' lang='grc' dir='ltr'><strong><em>Α.</em></strong></span> 
     </span>
    </p>

    <p class='ocr_par' dir='ltr' id='par_1_8' title="bbox 121 1485 1232 1681">
     <span class='ocr_line' id='line_1_11' title="bbox 205 1485 1232 1583; baseline -0.003 -24"><span class='ocrx_word' id='word_1_59' title='bbox 205 1499 278 1562; x_wconf 82' lang='grc'><strong>437.</strong></span> <span class='ocrx_word' id='word_1_60' title='bbox 299 1491 526 1577; x_wconf 90' lang='grc' dir='ltr'><strong><em>Ἀτρείδας·</em></strong></span> <span class='ocrx_word' id='word_1_61' title='bbox 552 1489 572 1560; x_wconf 86' lang='grc' dir='ltr'>ὁ</span> <span class='ocrx_word' id='word_1_62' title='bbox 591 1489 694 1572; x_wconf 79' lang='grc' dir='ltr'><strong><em>Ἰξίων</em></strong></span> <span class='ocrx_word' id='word_1_63' title='bbox 714 1492 751 1558; x_wconf 82' lang='grc' dir='ltr'><strong><em>ἐν</em></strong></span> <span class='ocrx_word' id='word_1_64' title='bbox 771 1496 817 1583; x_wconf 74' lang='grc' dir='ltr'><strong><em>τῷ</em></strong></span> <span class='ocrx_word' id='word_1_65' title='bbox 844 1487 928 1577; x_wconf 79' lang='grc' dir='ltr'><strong><em>πρὸς</em></strong></span> <span class='ocrx_word' id='word_1_66' title='bbox 956 1488 1037 1570; x_wconf 83' lang='grc' dir='ltr'><strong><em>τούς</em></strong></span> <span class='ocrx_word' id='word_1_67' title='bbox 1064 1485 1232 1576; x_wconf 78' lang='grc' dir='ltr'><strong><em>ἠθετημέ-</em></strong></span> 
     </span>
     <span class='ocr_line' id='line_1_12' title="bbox 121 1591 853 1681; baseline -0.003 -21"><span class='ocrx_word' id='word_1_68' title='bbox 121 1619 204 1674; x_wconf 89' lang='grc' dir='ltr'><strong><em>νους</em></strong></span> <span class='ocrx_word' id='word_1_69' title='bbox 219 1591 408 1681; x_wconf 88' lang='grc' dir='ltr'><strong><em>Ἀτρείδα</em></strong></span> <span class='ocrx_word' id='word_1_70' title='bbox 428 1596 631 1680; x_wconf 80' lang='grc' dir='ltr'><strong><em>προφέρεται</em></strong></span> <span class='ocrx_word' id='word_1_71' title='bbox 654 1596 789 1672; x_wconf 73' lang='grc' dir='ltr'><strong><em>δυσκολς.</em></strong></span> <span class='ocrx_word' id='word_1_72' title='bbox 812 1596 853 1659; x_wconf 91' lang='grc' dir='ltr'><strong><em>Α.</em></strong></span> 
     </span>
    </p>

    <p class='ocr_par' dir='ltr' id='par_1_9' title="bbox 205 1689 1231 1781">
     <span class='ocr_line' id='line_1_13' title="bbox 205 1689 1231 1781; baseline -0.002 -21"><span class='ocrx_word' id='word_1_73' title='bbox 205 1700 279 1761; x_wconf 86' lang='grc'><strong>475.</strong></span> <span class='ocrx_word' id='word_1_74' title='bbox 290 1693 566 1781; x_wconf 88' lang='grc' dir='ltr'><strong><em>Ἀρίσταρχοςδιά</em></strong></span> <span class='ocrx_word' id='word_1_75' title='bbox 579 1697 689 1781; x_wconf 81' lang='grc' dir='ltr'><strong><em>τοῦδ,</em></strong></span> <span class='ocrx_word' id='word_1_76' title='bbox 713 1689 800 1760; x_wconf 76' lang='grc' dir='ltr'><strong><em>εἷπε</em></strong></span> <span class='ocrx_word' id='word_1_77' title='bbox 821 1689 856 1760; x_wconf 88' lang='grc' dir='ltr'><strong><em>δ’</em></strong></span> <span class='ocrx_word' id='word_1_78' title='bbox 873 1693 1169 1779; x_wconf 81' lang='grc' dir='ltr'><strong><em>ἐπευξάμενος.</em></strong></span> <span class='ocrx_word' id='word_1_79' title='bbox 1192 1695 1231 1759; x_wconf 91' lang='lat' dir='ltr'><strong>A.</strong></span> 
     </span>
    </p>

    <p class='ocr_par' dir='ltr' id='par_1_10' title="bbox 208 1790 1151 1883">
     <span class='ocr_line' id='line_1_14' title="bbox 208 1790 1151 1883; baseline -0.003 -19"><span class='ocrx_word' id='word_1_80' title='bbox 208 1802 292 1877; x_wconf 89' lang='grc'><strong>[479.</strong></span> <span class='ocrx_word' id='word_1_81' title='bbox 313 1795 525 1883; x_wconf 83' lang='grc' dir='ltr'><strong><em>Ἀρίσταρχος</em></strong></span> <span class='ocrx_word' id='word_1_82' title='bbox 545 1797 582 1865; x_wconf 80' lang='grc' dir='ltr'><strong><em>δὲ</em></strong></span> <span class='ocrx_word' id='word_1_83' title='bbox 604 1793 760 1883; x_wconf 89' lang='grc' dir='ltr'><strong><em>πατρός</em></strong></span> <span class='ocrx_word' id='word_1_84' title='bbox 782 1791 817 1880; x_wconf 79' lang='grc' dir='ltr'><strong><em>μ’</em></strong></span> <span class='ocrx_word' id='word_1_85' title='bbox 840 1790 915 1863; x_wconf 82' lang='grc' dir='ltr'><strong><em>ὅδε</em></strong></span> <span class='ocrx_word' id='word_1_86' title='bbox 937 1794 1072 1882; x_wconf 82' lang='grc' dir='ltr'><strong><em>γράφει.</em></strong></span> <span class='ocrx_word' id='word_1_87' title='bbox 1095 1796 1151 1873; x_wconf 93' lang='lat' dir='ltr'><strong>V.]</strong></span> 
     </span>
    </p>
   </div>
   <div class='ocr_carea' id='block_1_3' title="bbox 653 1925 697 1992">
    <p class='ocr_par' dir='ltr' id='par_1_11' title="bbox 653 1925 697 1992">
     <span class='ocr_line' id='line_1_15' title="bbox 653 1925 697 1992; baseline 0 0"><span class='ocrx_word' id='word_1_88' title='bbox 653 1925 697 1992; x_wconf 88' lang='lat' dir='ltr'><strong><em>H.</em></strong></span> 
     </span>
    </p>
   </div>
   <div class='ocr_carea' id='block_1_4' title="bbox 124 2027 1242 3952">
    <p class='ocr_par' dir='ltr' id='par_1_12' title="bbox 124 2027 1232 2225">
     <span class='ocr_line' id='line_1_16' title="bbox 208 2027 1232 2120; baseline -0.001 -21"><span class='ocrx_word' id='word_1_89' title='bbox 208 2039 239 2099; x_wconf 81' lang='lat'><strong>5.</strong></span> <span class='ocrx_word' id='word_1_90' title='bbox 262 2034 354 2102; x_wconf 76' lang='grc' dir='ltr'><strong><em>ἐπεί</em></strong></span> <span class='ocrx_word' id='word_1_91' title='bbox 378 2058 438 2100; x_wconf 88' lang='grc' dir='ltr'><strong><em>ιιε·</em></strong></span> <span class='ocrx_word' id='word_1_92' title='bbox 459 2029 568 2112; x_wconf 81' lang='grc' dir='ltr'><strong><em>οὕτως</em></strong></span> <span class='ocrx_word' id='word_1_93' title='bbox 586 2029 815 2120; x_wconf 88' lang='grc' dir='ltr'><strong><em>Ἀρίσταρχος·</em></strong></span> <span class='ocrx_word' id='word_1_94' title='bbox 838 2027 856 2098; x_wconf 86' lang='grc' dir='ltr'>ὁ</span> <span class='ocrx_word' id='word_1_95' title='bbox 878 2029 1046 2111; x_wconf 77' lang='grc' dir='ltr'><strong><em>Σιδοίνιος</em></strong></span> <span class='ocrx_word' id='word_1_96' title='bbox 1067 2031 1104 2098; x_wconf 78' lang='grc' dir='ltr'><strong><em>δὲ</em></strong></span> <span class='ocrx_word' id='word_1_97' title='bbox 1132 2031 1232 2118; x_wconf 79' lang='grc' dir='ltr'><strong><em>ἐπήν</em></strong></span> 
     </span>
     <span class='ocr_line' id='line_1_17' title="bbox 124 2129 802 2225; baseline -0.01 -20"><span class='ocrx_word' id='word_1_98' title='bbox 124 2161 185 2225; x_wconf 85' lang='grc' dir='ltr'><strong><em>ιιε,</em></strong></span> <span class='ocrx_word' id='word_1_99' title='bbox 209 2134 260 2218; x_wconf 79' lang='grc' dir='ltr'><strong><em>ἀς</em></strong></span> <span class='ocrx_word' id='word_1_100' title='bbox 281 2129 380 2203; x_wconf 57' lang='grc' dir='ltr'><strong><em>ὀὔτ’</em></strong></span> <span class='ocrx_word' id='word_1_101' title='bbox 405 2129 456 2201; x_wconf 82' lang='grc' dir='ltr'><strong><em>ἀν</em></strong></span> <span class='ocrx_word' id='word_1_102' title='bbox 476 2131 705 2221; x_wconf 83' lang='grc' dir='ltr'><strong><em>αενἈρης’.</em></strong></span> <span class='ocrx_word' id='word_1_103' title='bbox 729 2134 802 2201; x_wconf 91' lang='lat' dir='ltr'><strong><em>AV.</em></strong></span> 
     </span>
    </p>

    <p class='ocr_par' dir='ltr' id='par_1_13' title="bbox 124 2231 1230 2426">
     <span class='ocr_line' id='line_1_18' title="bbox 151 2231 1230 2321; baseline 0.002 -21"><span class='ocrx_word' id='word_1_104' title='bbox 151 2297 152 2300; x_wconf 74' lang='grc'>,</span> <span class='ocrx_word' id='word_1_105' title='bbox 209 2245 239 2306; x_wconf 88' lang='grc'><strong><em>6.</em></strong></span> <span class='ocrx_word' id='word_1_106' title='bbox 264 2235 533 2316; x_wconf 79' lang='grc' dir='ltr'><strong><em>ἐλαύνοντες·</em></strong></span> <span class='ocrx_word' id='word_1_107' title='bbox 561 2233 635 2303; x_wconf 86' lang='grc' dir='ltr'><strong><em>κατ’</em></strong></span> <span class='ocrx_word' id='word_1_108' title='bbox 659 2239 732 2303; x_wconf 82' lang='grc' dir='ltr'><strong><em>ἔνια</em></strong></span> <span class='ocrx_word' id='word_1_109' title='bbox 754 2239 823 2301; x_wconf 75' lang='grc' dir='ltr'><strong><em>τῶν</em></strong></span> <span class='ocrx_word' id='word_1_110' title='bbox 844 2231 1097 2320; x_wconf 77' lang='grc' dir='ltr'><strong><em>ὑπομνημάτων</em></strong></span> <span class='ocrx_word' id='word_1_111' title='bbox 1119 2237 1230 2321; x_wconf 81' lang='grc' dir='ltr'><strong><em>ἐρέσ-</em></strong></span> 
     </span>
     <span class='ocr_line' id='line_1_19' title="bbox 124 2340 549 2426; baseline -0.005 -19"><span class='ocrx_word' id='word_1_112' title='bbox 124 2359 278 2420; x_wconf 85' lang='grc' dir='ltr'><strong><em>σοντες.</em></strong></span> <span class='ocrx_word' id='word_1_113' title='bbox 301 2342 354 2426; x_wconf 83' lang='grc' dir='ltr'><strong><em>Α.,</em></strong></span> <span class='ocrx_word' id='word_1_114' title='bbox 375 2340 418 2405; x_wconf 79' lang='lat' dir='ltr'><strong>cf.</strong></span> <span class='ocrx_word' id='word_1_115' title='bbox 442 2365 474 2406; x_wconf 82' lang='lat' dir='ltr'><strong>v.</strong></span> <span class='ocrx_word' id='word_1_116' title='bbox 497 2345 549 2407; x_wconf 83' lang='lat'><strong>95.</strong></span> 
     </span>
    </p>

    <p class='ocr_par' dir='ltr' id='par_1_14' title="bbox 125 2434 1232 2633">
     <span class='ocr_line' id='line_1_20' title="bbox 211 2434 1232 2530; baseline -0.003 -22"><span class='ocrx_word' id='word_1_117' title='bbox 211 2450 241 2508; x_wconf 88' lang='grc'><strong><em>7.</em></strong></span> <span class='ocrx_word' id='word_1_118' title='bbox 261 2440 331 2510; x_wconf 81' lang='grc' dir='ltr'><strong><em>τά·</em></strong></span> <span class='ocrx_word' id='word_1_119' title='bbox 350 2437 534 2527; x_wconf 77' lang='grc' dir='ltr'><strong><em>Ἀμμώνιος</em></strong></span> <span class='ocrx_word' id='word_1_120' title='bbox 557 2441 594 2508; x_wconf 85' lang='grc' dir='ltr'><strong><em>ἐν</em></strong></span> <span class='ocrx_word' id='word_1_121' title='bbox 615 2445 661 2530; x_wconf 75' lang='grc' dir='ltr'><strong><em>τῷ</em></strong></span> <span class='ocrx_word' id='word_1_122' title='bbox 681 2435 765 2524; x_wconf 81' lang='grc' dir='ltr'><strong><em>πρὸς</em></strong></span> <span class='ocrx_word' id='word_1_123' title='bbox 784 2434 990 2522; x_wconf 81' lang='grc' dir='ltr'><strong><em>Ἀθηνοκλία</em></strong></span> <span class='ocrx_word' id='word_1_124' title='bbox 1003 2443 1080 2505; x_wconf 83' lang='grc' dir='ltr'><strong><em>’τοί</em></strong></span> <span class='ocrx_word' id='word_1_125' title='bbox 1105 2443 1232 2527; x_wconf 83' lang='grc' dir='ltr'><strong><em>προφέ-</em></strong></span> 
     </span>
     <span class='ocr_line' id='line_1_21' title="bbox 125 2544 552 2633; baseline -0.012 -20"><span class='ocrx_word' id='word_1_126' title='bbox 125 2570 218 2633; x_wconf 90' lang='grc' dir='ltr'><strong><em>ρεται</em></strong></span> <span class='ocrx_word' id='word_1_127' title='bbox 239 2549 487 2630; x_wconf 75' lang='grc' dir='ltr'><strong><em>πληθυντικῶς.</em></strong></span> <span class='ocrx_word' id='word_1_128' title='bbox 509 2544 552 2609; x_wconf 90' lang='lat' dir='ltr'><strong>A.</strong></span> 
     </span>
    </p>

    <p class='ocr_par' dir='ltr' id='par_1_15' title="bbox 213 2637 1051 2730">
     <span class='ocr_line' id='line_1_22' title="bbox 213 2637 1051 2730; baseline -0.001 -19"><span class='ocrx_word' id='word_1_129' title='bbox 213 2650 241 2711; x_wconf 90' lang='lat'><strong>8.</strong></span> <span class='ocrx_word' id='word_1_130' title='bbox 264 2643 471 2730; x_wconf 79' lang='grc' dir='ltr'><strong><em>φανήτην·</em></strong></span> <span class='ocrx_word' id='word_1_131' title='bbox 494 2640 603 2722; x_wconf 78' lang='grc' dir='ltr'><strong><em>οὕτως</em></strong></span> <span class='ocrx_word' id='word_1_132' title='bbox 621 2637 831 2729; x_wconf 87' lang='grc' dir='ltr'><strong><em>Ἀρίσταρχος</em></strong></span> <span class='ocrx_word' id='word_1_133' title='bbox 852 2645 986 2722; x_wconf 61' lang='lat' dir='ltr'><strong><em>evincis.</em></strong></span> <span class='ocrx_word' id='word_1_134' title='bbox 1009 2646 1051 2710; x_wconf 89' lang='grc' dir='ltr'><strong><em>Α.</em></strong></span> 
     </span>
    </p>

    <p class='ocr_par' dir='ltr' id='par_1_16' title="bbox 213 2741 1026 2838">
     <span class='ocr_line' id='line_1_23' title="bbox 213 2741 1026 2838; baseline 0.001 -28"><span class='ocrx_word' id='word_1_135' title='bbox 213 2751 261 2812; x_wconf 82' lang='grc'><strong><em>12.</em></strong></span> <span class='ocrx_word' id='word_1_136' title='bbox 283 2751 384 2813; x_wconf 78' lang='grc' dir='ltr'><strong><em>λῦσε</em></strong></span> <span class='ocrx_word' id='word_1_137' title='bbox 407 2745 465 2812; x_wconf 81' lang='grc' dir='ltr'><strong><em>δί’</em></strong></span> <span class='ocrx_word' id='word_1_138' title='bbox 486 2742 697 2832; x_wconf 85' lang='grc' dir='ltr'><strong><em>Ἀρίσταρχος</em></strong></span> <span class='ocrx_word' id='word_1_139' title='bbox 716 2741 841 2810; x_wconf 82' lang='grc' dir='ltr'><strong><em>λύντο</em></strong></span> <span class='ocrx_word' id='word_1_140' title='bbox 865 2745 918 2810; x_wconf 82' lang='grc' dir='ltr'><strong><em>δέ.</em></strong></span> <span class='ocrx_word' id='word_1_141' title='bbox 939 2749 982 2811; x_wconf 89' lang='lat' dir='ltr'><strong>A.</strong></span> <span class='ocrx_word' id='word_1_142' title='bbox 1024 2833 1026 2838; x_wconf 68' lang='lat'>,</span> 
     </span>
    </p>

    <p class='ocr_par' dir='ltr' id='par_1_17' title="bbox 124 2841 1235 3140">
     <span class='ocr_line' id='line_1_24' title="bbox 124 2841 1233 2934; baseline 0.001 -21"><span class='ocrx_word' id='word_1_143' title='bbox 124 2930 126 2934; x_wconf 85' lang='lat'><strong>.</strong></span> <span class='ocrx_word' id='word_1_144' title='bbox 211 2851 261 2914; x_wconf 82' lang='lat'><strong>32.</strong></span> <span class='ocrx_word' id='word_1_145' title='bbox 297 2842 398 2933; x_wconf 82' lang='grc' dir='ltr'><strong><em>ὑμῖν</em></strong></span> <span class='ocrx_word' id='word_1_146' title='bbox 430 2842 681 2933; x_wconf 86' lang='grc' dir='ltr'><strong><em>ἀθανάτησι·</em></strong></span> <span class='ocrx_word' id='word_1_147' title='bbox 715 2841 905 2927; x_wconf 81' lang='grc' dir='ltr'><strong><em>Ζηνόδοτος</em></strong></span> <span class='ocrx_word' id='word_1_148' title='bbox 934 2843 1233 2920; x_wconf 89' lang='grc' dir='ltr'><strong><em>ἀθανάτοισιν.</em></strong></span> 
     </span>
     <span class='ocr_line' id='line_1_25' title="bbox 127 2941 1235 3038; baseline 0 -22"><span class='ocrx_word' id='word_1_149' title='bbox 127 2951 164 3016; x_wconf 80' lang='grc' dir='ltr'><strong><em>ἐν</em></strong></span> <span class='ocrx_word' id='word_1_150' title='bbox 186 2949 300 3033; x_wconf 84' lang='grc' dir='ltr'><strong><em>μέντοι</em></strong></span> <span class='ocrx_word' id='word_1_151' title='bbox 323 2953 363 3036; x_wconf 76' lang='grc' dir='ltr'><strong><em>τῇ</em></strong></span> <span class='ocrx_word' id='word_1_152' title='bbox 380 2945 643 3035; x_wconf 82' lang='grc' dir='ltr'><strong><em>Ἀριστοφάνους</em></strong></span> <span class='ocrx_word' id='word_1_153' title='bbox 665 2941 767 3031; x_wconf 83' lang='grc' dir='ltr'><strong><em>ὑμῖν</em></strong></span> <span class='ocrx_word' id='word_1_154' title='bbox 787 2942 1077 3038; x_wconf 77' lang='grc' dir='ltr'><strong><em>ἀμφοτέρῃσιν</em></strong></span> <span class='ocrx_word' id='word_1_155' title='bbox 1101 2945 1179 3037; x_wconf 84' lang='grc' dir='ltr'><strong><em>εἶχε,</em></strong></span> <span class='ocrx_word' id='word_1_156' title='bbox 1198 2953 1235 3037; x_wconf 72' lang='grc' dir='ltr'><strong><em>τῇ</em></strong></span> 
     </span>
     <span class='ocr_line' id='line_1_26' title="bbox 124 3045 866 3140; baseline -0.005 -22"><span class='ocrx_word' id='word_1_157' title='bbox 124 3047 252 3137; x_wconf 80' lang='grc' dir='ltr'><strong><em>Ἀθηνᾷ</em></strong></span> <span class='ocrx_word' id='word_1_158' title='bbox 272 3050 327 3116; x_wconf 83' lang='grc' dir='ltr'><strong><em>καί</em></strong></span> <span class='ocrx_word' id='word_1_159' title='bbox 345 3054 385 3137; x_wconf 80' lang='grc' dir='ltr'><strong><em>τῇ</em></strong></span> <span class='ocrx_word' id='word_1_160' title='bbox 398 3045 503 3140; x_wconf 78' lang='grc' dir='ltr'><strong><em>Ἥρᾳ·</em></strong></span> <span class='ocrx_word' id='word_1_161' title='bbox 527 3047 591 3118; x_wconf 82' lang='grc' dir='ltr'><strong><em>οὐκ</em></strong></span> <span class='ocrx_word' id='word_1_162' title='bbox 613 3049 800 3131; x_wconf 88' lang='grc' dir='ltr'><strong><em>ἀπιθάνως.</em></strong></span> <span class='ocrx_word' id='word_1_163' title='bbox 823 3050 866 3115; x_wconf 92' lang='lat' dir='ltr'><strong>A.</strong></span> 
     </span>
    </p>

    <p class='ocr_par' dir='ltr' id='par_1_18' title="bbox 128 3145 1237 3343">
     <span class='ocr_line' id='line_1_27' title="bbox 212 3145 1237 3239; baseline 0.002 -23"><span class='ocrx_word' id='word_1_164' title='bbox 212 3156 264 3216; x_wconf 89' lang='grc'><strong><em>41.</em></strong></span> <span class='ocrx_word' id='word_1_165' title='bbox 283 3145 587 3236; x_wconf 78' lang='grc' dir='ltr'><strong><em>ἀγασσάμενοι·</em></strong></span> <span class='ocrx_word' id='word_1_166' title='bbox 608 3149 819 3239; x_wconf 90' lang='grc' dir='ltr'><strong><em>Ἀρίσταρχος</em></strong></span> <span class='ocrx_word' id='word_1_167' title='bbox 839 3154 895 3220; x_wconf 88' lang='grc' dir='ltr'><strong><em>διά</em></strong></span> <span class='ocrx_word' id='word_1_168' title='bbox 918 3161 980 3220; x_wconf 84' lang='grc' dir='ltr'><strong><em>τοῦ</em></strong></span> <span class='ocrx_word' id='word_1_169' title='bbox 1001 3178 1020 3219; x_wconf 95' lang='grc' dir='ltr'><strong><em>ο</em></strong></span> <span class='ocrx_word' id='word_1_170' title='bbox 1049 3147 1237 3237; x_wconf 78' lang='grc' dir='ltr'><strong><em>ἀγασσά-</em></strong></span> 
     </span>
     <span class='ocr_line' id='line_1_28' title="bbox 128 3253 1197 3343; baseline -0.001 -23"><span class='ocrx_word' id='word_1_171' title='bbox 128 3277 261 3340; x_wconf 90' lang='grc' dir='ltr'><strong><em>μενοι.</em></strong></span> <span class='ocrx_word' id='word_1_172' title='bbox 285 3255 326 3318; x_wconf 87' lang='grc' dir='ltr'><strong><em>Α.</em></strong></span> <span class='ocrx_word' id='word_1_173' title='bbox 353 3253 485 3318; x_wconf 83' lang='lat' dir='ltr'><strong>Abhinc</strong></span> <span class='ocrx_word' id='word_1_174' title='bbox 506 3278 589 3342; x_wconf 85' lang='lat' dir='ltr'>quae</span> <span class='ocrx_word' id='word_1_175' title='bbox 611 3259 763 3343; x_wconf 87' lang='lat' dir='ltr'>leguntur</span> <span class='ocrx_word' id='word_1_176' title='bbox 785 3257 888 3321; x_wconf 85' lang='lat' dir='ltr'>verba</span> <span class='ocrx_word' id='word_1_177' title='bbox 908 3257 1089 3322; x_wconf 81' lang='lat' dir='ltr'><strong>Aristonici</strong></span> <span class='ocrx_word' id='word_1_178' title='bbox 1111 3265 1197 3322; x_wconf 83' lang='lat' dir='ltr'><strong>sunt.</strong></span> 
     </span>
    </p>

    <p class='ocr_par' dir='ltr' id='par_1_19' title="bbox 128 3349 1238 3544">
     <span class='ocr_line' id='line_1_29' title="bbox 214 3349 1238 3444; baseline 0.003 -25"><span class='ocrx_word' id='word_1_179' title='bbox 214 3358 266 3420; x_wconf 89' lang='lat'><strong>64.</strong></span> <span class='ocrx_word' id='word_1_180' title='bbox 290 3349 502 3439; x_wconf 87' lang='grc' dir='ltr'><strong><em>Ἀρίσταρχος</em></strong></span> <span class='ocrx_word' id='word_1_181' title='bbox 519 3355 692 3442; x_wconf 85' lang='grc' dir='ltr'><strong><em>πόντον,</em></strong></span> <span class='ocrx_word' id='word_1_182' title='bbox 716 3353 772 3423; x_wconf 84' lang='grc' dir='ltr'><strong><em>διά</em></strong></span> <span class='ocrx_word' id='word_1_183' title='bbox 795 3362 858 3422; x_wconf 80' lang='grc' dir='ltr'><strong><em>τοῦ</em></strong></span> <span class='ocrx_word' id='word_1_184' title='bbox 879 3383 911 3444; x_wconf 83' lang='grc' dir='ltr'><strong><em>ν,</em></strong></span> <span class='ocrx_word' id='word_1_185' title='bbox 945 3359 1001 3424; x_wconf 80' lang='grc' dir='ltr'><strong><em>καὶ</em></strong></span> <span class='ocrx_word' id='word_1_186' title='bbox 1022 3351 1092 3422; x_wconf 82' lang='grc' dir='ltr'><strong><em>ὑπ’</em></strong></span> <span class='ocrx_word' id='word_1_187' title='bbox 1121 3353 1238 3444; x_wconf 71' lang='grc' dir='ltr'><strong><em>αὐτῇ,</em></strong></span> 
     </span>
     <span class='ocr_line' id='line_1_30' title="bbox 128 3452 976 3544; baseline 0.002 -22"><span class='ocrx_word' id='word_1_188' title='bbox 128 3461 169 3544; x_wconf 77' lang='grc' dir='ltr'><strong><em>τῇ</em></strong></span> <span class='ocrx_word' id='word_1_189' title='bbox 191 3459 297 3542; x_wconf 85' lang='grc' dir='ltr'><strong><em>φριιιί.</em></strong></span> <span class='ocrx_word' id='word_1_190' title='bbox 321 3452 418 3522; x_wconf 86' lang='grc' dir='ltr'><strong><em>άλλοι</em></strong></span> <span class='ocrx_word' id='word_1_191' title='bbox 440 3456 477 3522; x_wconf 71' lang='grc' dir='ltr'><strong><em>δὲ</em></strong></span> <span class='ocrx_word' id='word_1_192' title='bbox 499 3456 650 3542; x_wconf 87' lang='grc' dir='ltr'><strong><em>πόντος</em></strong></span> <span class='ocrx_word' id='word_1_193' title='bbox 672 3453 738 3524; x_wconf 84' lang='grc' dir='ltr'><strong><em>ὑπ’</em></strong></span> <span class='ocrx_word' id='word_1_194' title='bbox 762 3453 905 3526; x_wconf 80' lang='grc' dir='ltr'><strong><em>αὐτοῦ.</em></strong></span> <span class='ocrx_word' id='word_1_195' title='bbox 934 3461 976 3526; x_wconf 86' lang='lat' dir='ltr'><strong>A.</strong></span> 
     </span>
    </p>

    <p class='ocr_par' dir='ltr' id='par_1_20' title="bbox 129 3555 1240 3850">
     <span class='ocr_line' id='line_1_31' title="bbox 214 3555 1239 3646; baseline 0.002 -23"><span class='ocrx_word' id='word_1_196' title='bbox 214 3561 265 3623; x_wconf 84' lang='lat'><strong>73.</strong></span> <span class='ocrx_word' id='word_1_197' title='bbox 295 3555 395 3643; x_wconf 79' lang='grc' dir='ltr'><strong><em>ὑμῖν</em></strong></span> <span class='ocrx_word' id='word_1_198' title='bbox 428 3555 502 3643; x_wconf 75' lang='grc' dir='ltr'><strong><em>μὲν</em></strong></span> <span class='ocrx_word' id='word_1_199' title='bbox 534 3557 609 3645; x_wconf 82' lang='grc' dir='ltr'><strong><em>γάρ</em></strong></span> <span class='ocrx_word' id='word_1_200' title='bbox 642 3562 778 3626; x_wconf 83' lang='grc' dir='ltr'><strong><em>ἔασιν·</em></strong></span> <span class='ocrx_word' id='word_1_201' title='bbox 820 3563 857 3626; x_wconf 82' lang='grc' dir='ltr'><strong><em>αἱ</em></strong></span> <span class='ocrx_word' id='word_1_202' title='bbox 885 3557 1102 3646; x_wconf 88' lang='grc' dir='ltr'><strong><em>Ἀριστάρχου</em></strong></span> <span class='ocrx_word' id='word_1_203' title='bbox 1132 3555 1239 3638; x_wconf 69' lang='grc' dir='ltr'><strong><em>οὕτως</em></strong></span> 
     </span>
     <span class='ocr_line' id='line_1_32' title="bbox 129 3656 1240 3749; baseline 0 -23"><span class='ocrx_word' id='word_1_204' title='bbox 129 3656 230 3745; x_wconf 86' lang='grc' dir='ltr'><strong><em>ὑμίν</em></strong></span> <span class='ocrx_word' id='word_1_205' title='bbox 249 3656 282 3725; x_wconf 87' lang='grc' dir='ltr'><strong><em>δ’</em></strong></span> <span class='ocrx_word' id='word_1_206' title='bbox 307 3661 352 3725; x_wconf 81' lang='grc' dir='ltr'><strong><em>ἐν</em></strong></span> <span class='ocrx_word' id='word_1_207' title='bbox 374 3656 451 3744; x_wconf 75' lang='grc' dir='ltr'><strong><em>γὰρ</em></strong></span> <span class='ocrx_word' id='word_1_208' title='bbox 475 3661 606 3728; x_wconf 82' lang='grc' dir='ltr'><strong><em>ἔασιν.</em></strong></span> <span class='ocrx_word' id='word_1_209' title='bbox 631 3663 687 3728; x_wconf 86' lang='grc' dir='ltr'><strong><em>καὶ</em></strong></span> <span class='ocrx_word' id='word_1_210' title='bbox 709 3667 778 3730; x_wconf 79' lang='grc' dir='ltr'><strong><em>ἔστι</em></strong></span> <span class='ocrx_word' id='word_1_211' title='bbox 800 3658 837 3729; x_wconf 83' lang='grc' dir='ltr'><strong><em>τὸ</em></strong></span> <span class='ocrx_word' id='word_1_212' title='bbox 861 3663 952 3748; x_wconf 80' lang='grc' dir='ltr'><strong><em>ἑξῆς·</em></strong></span> <span class='ocrx_word' id='word_1_213' title='bbox 976 3658 1057 3749; x_wconf 80' lang='grc' dir='ltr'><strong><em>ὑμῖν</em></strong></span> <span class='ocrx_word' id='word_1_214' title='bbox 1078 3656 1112 3726; x_wconf 88' lang='grc' dir='ltr'><strong><em>δ’</em></strong></span> <span class='ocrx_word' id='word_1_215' title='bbox 1138 3663 1240 3728; x_wconf 77' lang='grc' dir='ltr'><strong><em>ἔνεισι</em></strong></span> 
     </span>
     <span class='ocr_line' id='line_1_33' title="bbox 129 3757 907 3850; baseline 0.006 -23"><span class='ocrx_word' id='word_1_216' title='bbox 129 3757 205 3848; x_wconf 75' lang='grc' dir='ltr'><strong><em>γάρ,</em></strong></span> <span class='ocrx_word' id='word_1_217' title='bbox 228 3760 268 3846; x_wconf 81' lang='grc' dir='ltr'><strong><em>ἥ·</em></strong></span> <span class='ocrx_word' id='word_1_218' title='bbox 292 3762 329 3827; x_wconf 79' lang='grc' dir='ltr'><strong><em>ἐν</em></strong></span> <span class='ocrx_word' id='word_1_219' title='bbox 351 3757 432 3848; x_wconf 80' lang='grc' dir='ltr'><strong><em>ὑμῖν</em></strong></span> <span class='ocrx_word' id='word_1_220' title='bbox 454 3763 494 3828; x_wconf 86' lang='grc' dir='ltr'><strong><em>δέ</em></strong></span> <span class='ocrx_word' id='word_1_221' title='bbox 513 3766 576 3829; x_wconf 88' lang='grc' dir='ltr'><strong><em>είσι</em></strong></span> <span class='ocrx_word' id='word_1_222' title='bbox 597 3761 661 3849; x_wconf 74' lang='grc' dir='ltr'><strong><em>γάρ</em></strong></span> <span class='ocrx_word' id='word_1_223' title='bbox 685 3760 849 3850; x_wconf 77' lang='grc' dir='ltr'><strong><em>ἀριστῆες.</em></strong></span> <span class='ocrx_word' id='word_1_224' title='bbox 865 3768 907 3832; x_wconf 93' lang='lat' dir='ltr'><strong>A.</strong></span> 
     </span>
    </p>

    <p class='ocr_par' dir='ltr' id='par_1_21' title="bbox 216 3860 1242 3952">
     <span class='ocr_line' id='line_1_34' title="bbox 216 3860 1242 3952; baseline 0.001 -23"><span class='ocrx_word' id='word_1_225' title='bbox 216 3869 268 3929; x_wconf 83' lang='grc'><strong><em>95.</em></strong></span> <span class='ocrx_word' id='word_1_226' title='bbox 302 3866 339 3930; x_wconf 82' lang='grc' dir='ltr'><strong><em>ἔν</em></strong></span> <span class='ocrx_word' id='word_1_227' title='bbox 370 3882 436 3930; x_wconf 89' lang='grc' dir='ltr'><strong><em>τισι</em></strong></span> <span class='ocrx_word' id='word_1_228' title='bbox 468 3869 537 3929; x_wconf 78' lang='grc' dir='ltr'><strong><em>τῶν</em></strong></span> <span class='ocrx_word' id='word_1_229' title='bbox 569 3860 820 3952; x_wconf 83' lang='grc' dir='ltr'><strong><em>ὑπομνημάτων</em></strong></span> <span class='ocrx_word' id='word_1_230' title='bbox 852 3863 982 3934; x_wconf 85' lang='grc' dir='ltr'><strong><em>νείκε’</em></strong></span> <span class='ocrx_word' id='word_1_231' title='bbox 1017 3861 1242 3944; x_wconf 74' lang='grc' dir='ltr'><strong><em>ὀνειδίζων</em></strong></span> 
     </span>
    </p>
   </div>
   <div class='ocr_carea' id='block_1_5' title="bbox 106 3961 1243 4362">
    <p class='ocr_par' dir='ltr' id='par_1_22' title="bbox 106 3961 1242 4152">
     <span class='ocr_line' id='line_1_35' title="bbox 131 3961 1242 4056; baseline 0.001 -26"><span class='ocrx_word' id='word_1_232' title='bbox 131 3968 193 4045; x_wconf 75' lang='grc' dir='ltr'><strong><em>ἔξω</em></strong></span> <span class='ocrx_word' id='word_1_233' title='bbox 216 3970 278 4031; x_wconf 80' lang='grc' dir='ltr'><strong><em>τοῦ</em></strong></span> <span class='ocrx_word' id='word_1_234' title='bbox 300 3992 323 4052; x_wconf 85' lang='grc' dir='ltr'><strong><em>ι,</em></strong></span> <span class='ocrx_word' id='word_1_235' title='bbox 351 3961 436 4032; x_wconf 71' lang='grc' dir='ltr'><strong><em>ὥστε</em></strong></span> <span class='ocrx_word' id='word_1_236' title='bbox 465 3964 548 4034; x_wconf 82' lang='grc' dir='ltr'><strong><em>κατὰ</em></strong></span> <span class='ocrx_word' id='word_1_237' title='bbox 567 3966 780 4056; x_wconf 81' lang='grc' dir='ltr'><strong><em>συναλοιφὴν</em></strong></span> <span class='ocrx_word' id='word_1_238' title='bbox 799 3977 953 4036; x_wconf 81' lang='grc' dir='ltr'><strong><em>νοεῖσθαι</em></strong></span> <span class='ocrx_word' id='word_1_239' title='bbox 975 3963 1012 4036; x_wconf 86' lang='grc' dir='ltr'>τό</span> <span class='ocrx_word' id='word_1_240' title='bbox 1037 3961 1131 4052; x_wconf 75' lang='grc' dir='ltr'><strong><em>ὑγιὲς</em></strong></span> <span class='ocrx_word' id='word_1_241' title='bbox 1152 3971 1242 4032; x_wconf 90' lang='grc' dir='ltr'><strong><em>νεί-</em></strong></span> 
     </span>
     <span class='ocr_line' id='line_1_36' title="bbox 106 4063 950 4152; baseline 0.009 -20"><span class='ocrx_word' id='word_1_242' title='bbox 106 4091 209 4133; x_wconf 57' lang='grc' dir='ltr'><strong><em>ἰιεε</em></strong></span> <span class='ocrx_word' id='word_1_243' title='bbox 232 4070 274 4134; x_wconf 91' lang='grc' dir='ltr'><strong><em>Α.</em></strong></span> <span class='ocrx_word' id='word_1_244' title='bbox 451 4147 454 4152; x_wconf 41' lang='grc'><em>,</em></span> <span class='ocrx_word' id='word_1_245' title='bbox 932 4063 950 4140; x_wconf 56' lang='grc'><strong><em>,’</em></strong></span> 
     </span>
    </p>

    <p class='ocr_par' dir='ltr' id='par_1_23' title="bbox 132 4163 1243 4362">
     <span class='ocr_line' id='line_1_37' title="bbox 156 4163 1243 4264; baseline 0.004 -32"><span class='ocrx_word' id='word_1_246' title='bbox 156 4257 159 4264; x_wconf 67' lang='lat'><strong>.</strong></span> <span class='ocrx_word' id='word_1_247' title='bbox 220 4173 288 4234; x_wconf 82' lang='lat'><strong>110.</strong></span> <span class='ocrx_word' id='word_1_248' title='bbox 312 4163 389 4235; x_wconf 84' lang='grc' dir='ltr'><strong><em>ἀνά</em></strong></span> <span class='ocrx_word' id='word_1_249' title='bbox 408 4170 451 4235; x_wconf 76' lang='grc' dir='ltr'><strong><em>δὲ</em></strong></span> <span class='ocrx_word' id='word_1_250' title='bbox 466 4171 579 4255; x_wconf 85' lang='grc' dir='ltr'><strong><em>σχέο·</em></strong></span> <span class='ocrx_word' id='word_1_251' title='bbox 593 4166 804 4258; x_wconf 90' lang='grc' dir='ltr'><strong><em>Ἀρίσταρχος</em></strong></span> <span class='ocrx_word' id='word_1_252' title='bbox 821 4167 897 4238; x_wconf 86' lang='grc' dir='ltr'><strong><em>ἀνά</em></strong></span> <span class='ocrx_word' id='word_1_253' title='bbox 916 4165 950 4238; x_wconf 92' lang='grc' dir='ltr'><strong><em>δ’</em></strong></span> <span class='ocrx_word' id='word_1_254' title='bbox 967 4166 1137 4256; x_wconf 87' lang='grc' dir='ltr'><strong><em>άνσχεο,</em></strong></span> <span class='ocrx_word' id='word_1_255' title='bbox 1158 4167 1243 4236; x_wconf 89' lang='grc' dir='ltr'><strong><em>ἀνά-</em></strong></span> 
     </span>
     <span class='ocr_line' id='line_1_38' title="bbox 132 4265 1242 4362; baseline 0.003 -28"><span class='ocrx_word' id='word_1_256' title='bbox 132 4288 214 4354; x_wconf 89' lang='grc' dir='ltr'><strong><em>σχου</em></strong></span> <span class='ocrx_word' id='word_1_257' title='bbox 230 4271 276 4335; x_wconf 83' lang='grc' dir='ltr'><strong><em>δέ.</em></strong></span> <span class='ocrx_word' id='word_1_258' title='bbox 289 4271 330 4334; x_wconf 94' lang='lat' dir='ltr'><strong>A.</strong></span> <span class='ocrx_word' id='word_1_259' title='bbox 346 4265 569 4358; x_wconf 86' lang='grc' dir='ltr'><strong><em>(Ἀρίσταρχος</em></strong></span> <span class='ocrx_word' id='word_1_260' title='bbox 581 4273 635 4338; x_wconf 83' lang='grc' dir='ltr'><strong><em>καὶ</em></strong></span> <span class='ocrx_word' id='word_1_261' title='bbox 648 4268 864 4362; x_wconf 80' lang='grc' dir='ltr'><strong><em>Ἡρωδιανὸς.</em></strong></span> <span class='ocrx_word' id='word_1_262' title='bbox 884 4269 959 4338; x_wconf 84' lang='grc' dir='ltr'><strong><em>ἀνά</em></strong></span> <span class='ocrx_word' id='word_1_263' title='bbox 981 4269 1016 4338; x_wconf 90' lang='grc' dir='ltr'><strong><em>δ’</em></strong></span> <span class='ocrx_word' id='word_1_264' title='bbox 1038 4279 1167 4358; x_wconf 86' lang='grc' dir='ltr'><strong><em>ίσχεο.</em></strong></span> <span class='ocrx_word' id='word_1_265' title='bbox 1185 4274 1242 4360; x_wconf 84' lang='lat' dir='ltr'><strong>V.)</strong></span> 
     </span>
    </p>
   </div>
   <div class='ocr_carea' id='block_1_6' title="bbox 0 0 1401 4890">
    <p class='ocr_par' dir='ltr' id='par_1_24' title="bbox 0 0 1401 4890">
     <span class='ocr_line' id='line_1_39' title="bbox 0 0 1401 4890; baseline 0 0"><span class='ocrx_word' id='word_1_266' title='bbox 0 0 1401 4890; x_wconf 95' lang='lat' dir='ltr'><strong><em> </em></strong></span> 
     </span>
    </p>
   </div>
  </div>
 </body>
</html>
