2752 4890
562 377 759 437 ..·1..

183 542 256 606 488.
290 536 509 623 γούνεσσι·
543 534 652 618 οὕτως
672 534 729 606 0ιά
751 543 812 605 τοῦ
836 563 870 624 ε,
892 537 1116 624 γούνεσσι·
1152 545 1223 629 ἔχει

101 637 215 722 μέντοι
238 637 340 724 λόγον
362 641 417 707 καὶ
437 636 458 726 ή
481 637 538 707 διὰ
560 645 622 707 τοῦ
644 665 665 706 α
687 638 909 725 γούνασσι.
933 643 975 707 A.

186 745 258 807 402.
297 738 507 828 Ἀρίσταρχος
538 737 668 810 πολλὰ
701 741 843 809 τάθον
877 743 946 810 καὶ
977 741 1110 812 πολλὰ
1144 745 1225 831 μό-

103 853 215 927 γησα.
236 845 279 912 A.

186 950 259 1013 500.
284 941 550 1032 εὐξαμένοιο·
572 942 786 1033 Ἀρίσταρχος
808 939 1067 1030 εὐχομένοιο.
1090 948 1135 1013 A.

185 1053 257 1114 540.
282 1050 500 1131 έρθεσαεν·
520 1045 706 1134 Ἀμμώνιος
728 1049 765 1114 έν
785 1051 832 1136 τῷ
852 1047 928 1132 περὶ
951 1053 1019 1114 των
1034 1044 1101 1116 ὑιιό
1121 1048 1225 1116 Πλά-

99 1172 205 1227 τωνος
234 1151 529 1236 μετενηνεγμένον
560 1151 594 1230 ἐξ
617 1146 765 1235 Ὁμήρου
796 1145 852 1216 διὰ
879 1154 941 1216 τοῦ
968 1154 984 1230 ζ
1010 1153 1225 1237 προφέρεται

100 1254 251 1337 έρεζεν.
273 1252 346 1318 AL.

182 1357 254 1420 551.
280 1349 369 1420 οὐδ’
383 1354 606 1422 ἐδύναντο·
628 1352 666 1419 έν
678 1356 718 1439 τῆ
730 1347 994 1438 Ἀριστοφάνους
1010 1349 1101 1422 οὐδ’
1120 1357 1225 1424 ἐθέ-

98 1461 262 1522 λεσκον.
295 1455 352 1522 καὶ
383 1458 474 1524 ἔστιν
497 1449 696 1542 Ὁμηρικόν·
730 1451 824 1523 ὀὐδ’
853 1457 950 1522 έθελε
973 1458 1133 1542 τρορέειν
1158 1461 1219 1548 (Il.

99 1565 132 1625 ο
153 1562 241 1646 366).
263 1560 335 1626 AL.

184 1664 257 1726 564.
278 1655 488 1745 Ἀρίσταρχος
509 1653 632 1745 ὅμιν,
655 1654 707 1725 ὅτι
724 1654 842 1743 αὐτήν.
864 1660 905 1726 A.
930 1656 1014 1746 ὅτε,
1037 1656 1129 1728 οὕτω
1145 1669 1223 1748 Ζη-

98 1757 252 1845 νόδοτος,
284 1764 458 1846 χρονικοῖς.
491 1762 562 1828 AL.
602 1763 694 1848 Lego
726 1756 797 1827 ὅτε
819 1759 1219 1853 Ζηνόθοτος.χρονιαο5ς,

95 1857 306 1948 Ἀρίσταρχος
325 1859 363 1930 &A
386 1858 408 1931 ὅἸ
427 1881 517 1949 μιν,
541 1859 593 1929 ὅτι
616 1858 733 1948 αὐτήν.
757 1864 935 1930 Duentzer.
956 1889 988 1952 p.
1012 1871 1042 1931 4.

184 1970 256 2032 574.
300 1962 371 2031 τὸν
392 1965 435 2032 δὲ
455 1968 667 2032 λίσσοντο·
692 1961 800 2042 οὕτως
819 1959 1030 2052 Ἀρίσταρχος
1050 1963 1094 2032 δὲ
1117 1969 1223 2034 λίσ-

99 2085 226 2136 σοντο
248 2061 296 2136 δι’
319 2064 395 2147 ἑνὸς
417 2075 447 2136 λ.
469 2070 511 2135 A.
942 2120 944 2126 ,

182 2174 255 2237 580.
296 2169 353 2236 0ιά
381 2173 483 2248 τοῦς
515 2172 639 2253 ψιλῆς
663 2174 735 2253 γῆς.
775 2163 884 2246 οὕτως
917 2169 953 2234 αἱ
981 2163 1217 2252 Ἀριστάρχου.

97 2277 218 2361 (δῆλον
240 2273 277 2340 A
298 2269 350 2338 ὅτι
372 2274 515 2339 ἐλλείπει
536 2267 557 2356 ή
580 2273 655 2356 είς,
676 2268 722 2336 ἵν’
746 2259 768 2358 γ’)
789 2273 835 2348 είς
855 2265 986 2355 άροσιν.
1010 2271 1069 2360 [2])
1091 2273 1135 2338 A.
1205 2307 1232 2328 ..

182 2378 254 2442 584.
278 2379 544 2461 κασίγνηται·
567 2370 651 2440 κατά
674 2367 711 2438 τὸ
728 2370 885 2459 θηλυκόν
903 2376 1157 2458 κασίγνηται
1179 2379 1221 2442 αί
1287 2413 1290 2419 ·

94 2474 322 2562 Ἀριστάρχου.
367 2480 433 2561 ἔχει
469 2475 506 2542 δὲ
530 2473 634 2559 λόγον
661 2469 760 2559 καλή
791 2472 847 2540 διά
876 2479 938 2539 τοῦ
961 2499 995 2539 ο·
1036 2471 1121 2550 κατὰ
1143 2474 1216 2563 γάρ

87 2567 238 2665 Ὅμηρον
259 2583 395 2658 τελείους
416 2581 501 2645 είσλν
521 2574 663 2662 ἀδελφοὶ
689 2581 736 2665 τῷ
752 2576 958 2665 Μελεάγρῳ·
985 2570 1046 2642 ςοὐ
1069 2573 1133 2661 γὰρ
1158 2574 1213 2644 ἔτ’

98 2687 221 2768 Οἰνῆος
253 2681 480 2767 μεγαλήτορος
511 2680 599 2759 νίέες
627 2671 730 2764 ἦσαν,
766 2673 843 2745 οὐδ’
868 2674 924 2762 ἄρ’
955 2673 1001 2743 ἕν’
1034 2673 1136 2757 αὐτὸς
1160 2682 1214 2767 ἔη,

94 2781 181 2852 θάνε
204 2781 241 2851 δὲ
263 2779 388 2863 ξανθὸς
409 2783 626 2867 Μελέαγρος’
650 2782 704 2870 (Il.
727 2787 755 2847 Β
779 2782 867 2868 641).
898 2781 953 2846 καὶ
975 2786 1215 2863 σολλητιτικῶς

94 2882 263 2971 μετὰτῶν
282 2880 435 2972 άρσένων
457 2888 513 2951 ιιαλ
533 2880 602 2968 τάς
614 2878 762 2967 ἀδελφάς
784 2877 970 2949 ἀκουστέον
994 2878 1131 2966 Γόργην
1153 2885 1215 2952 καὶ

95 2984 313 3072 Δηιάνειραν.
336 2989 378 3054 Α.
403 2988 497 3073 [BL.]

180 3092 252 3156 602.
281 3083 491 3173 Ἀρίσταρχος
514 3087 581 3154 guz
599 3084 755 3170 δαέρων,
779 3079 798 3150 ὅ
822 3085 890 3150 έστι
910 3080 993 3168 μετὰ
1009 3081 1139 3168 δώρων.
1166 3089 1213 3154 Α.

178 3193 250 3256 612.
285 3185 497 3275 Ἀρίσταρχος
535 3188 572 3254 δὲ
602 3184 653 3274 μή
686 3211 756 3271 μοι
789 3182 936 3270 σύγχει
967 3180 1111 3270 θυμὸν
1145 3186 1215 3254 ἐνὶ

94 3291 336 3377 στήθεσσιν.
371 3290 413 3356 Α.

179 3396 253 3459 632.
283 3386 494 3476 Ἀρίσταρχος
509 3384 566 3456 διά
585 3392 647 3454 τοῦ
664 3388 723 3473 γέ·
747 3387 814 3455 καὶ
832 3390 904 3472 μέν
925 3391 987 3466 τίς
1013 3411 1057 3471 γε
1082 3406 1214 3455 κασι-

94 3491 285 3579 γνήτοιο,
306 3489 326 3557 ὅ
348 3494 417 3558 ἐστι
437 3495 688 3576 αασιγνητιιιοῦ.
712 3492 753 3556 A.
922 3496 924 3504 ’

178 3600 251 3661 634.
273 3591 328 3660 διὰ
351 3599 413 3660 τοῦ
431 3619 451 3679 η
472 3595 508 3659 al
524 3589 742 3678 Ἀριστάρχου
763 3595 1014 3676 τεθνηῶτος.
1036 3591 1089 3656 A.

179 3699 251 3762 639.
275 3691 383 3773 οὕτως
405 3693 470 3760 ἐπὶ
485 3696 580 3781 τῆσι
602 3693 640 3758 έν
659 3688 813 3778 άπάσαις,
836 3692 890 3759 έττί
911 3702 982 3769 ταῖς
993 3695 1142 3778 Λεσβίσι.
1164 3697 1211 3761 Α.
1308 3771 1314 3778 ,

177 3803 249 3866 654.
272 3792 381 3876 οὕτως
399 3792 562 3880 σμάξαι.
585 3790 796 3882 Ἀρίσταρχος
820 3790 890 3860 oles
911 3793 967 3859 καί
980 3789 1043 3878 τήν
1058 3795 1228 3878 φλέξειν

91 3899 237 3987 νεανήν·
258 3901 300 3965 A·
413 3905 416 3912 ’

175 4008 247 4069 657.
270 4003 547 4077 σπείσαντες·
562 3997 600 4064 έν
622 4001 663 4085 τῆ
682 3997 777 4085 ἑτέρα
794 3992 1092 4083 τῶνἈριστάρχον
1114 4004 1210 4066 λεί-

90 4118 258 4189 ψαντες,
280 4102 336 4169 καί
357 4101 395 4167 έν
418 4106 556 4179 πολλαῖς
575 4105 644 4166 των
666 4098 823 4186 άρχαίων.
846 4100 918 4165 AL.

174 4209 248 4273 681.
273 4206 310 4270 έν
329 4208 370 4291 τῆ
391 4200 486 4289 ἑτέρᾳ
507 4207 575 4269 τοῖν
593 4200 638 4268 Ἀ.
662 4201 718 4268 διὰ
736 4205 798 4268 τοῦ
819 4227 841 4268 α
862 4204 989 4290 σαῷς)
1012 4198 1094 4284 τάχα
1111 4197 1208 4286 παρὰ

88 4302 125 4372 τὸ
148 4305 320 4390 σαωσέμεν
342 4304 432 4395 (230)
456 4305 511 4371 καί
533 4299 577 4388 ήὲ
599 4307 823 4386 σαωθῆναι
846 4303 900 4391 (ΙΙ.
919 4302 1057 4389 0503)·
1081 4305 1206 4388 χρῆται
