2812 4868
79 525 229 607 τεντύζει
250 527 312 594 LD
334 529 402 596 alii.
632 489 822 616 ’ἳφύππαξ
843 533 887 598 L..

80 631 243 716 τηνέβλος
263 632 303 696 Ε.
650 643 735 716 χελαι
756 633 798 698 Ε.

79 727 362 813 ῒὺποσαιιίζεινῒ
383 734 423 799 L.
651 729 836 820 ιόραιιιόσαι
857 743 934 801 cett.
956 737 1061 804 LED.

164 851 211 916 At
231 851 312 916 haec
334 852 374 917 de
395 851 612 940 Lycophrone
631 861 663 918 et
683 853 916 938 Eratosthene,
936 855 1074 945 Didymi
1093 857 1190 924 fonti·

76 953 140 1019 bus
159 953 326 1019 hactenus.

603 1092 654 1154 33.

162 1207 240 1294 Ipse
262 1205 426 1293 Didymus
449 1205 600 1272 laudatur
619 1208 654 1272 in
675 1207 777 1274 schol.
795 1209 838 1274 ad
848 1209 913 1296 Ap.
927 1209 989 1274 Rh.
1013 1210 1079 1276 vol.
1101 1213 1137 1276 II
1154 1237 1187 1300 p.

78 1312 118 1372 94
137 1308 181 1373 ad
201 1307 220 1370 I
246 1310 335 1372 1138.
361 1311 381 1372 9
412 1304 566 1393 βόμβος
593 1307 633 1371 δέ
653 1306 721 1374 ἐστι
744 1313 933 1393 τροχίσιιος,
957 1303 998 1375 ὃν
1020 1313 1189 1397 στρέφον-

77 1429 133 1475 σιν
154 1412 248 1494 ίμᾶσι
276 1407 458 1487 τύπτοντες
486 1407 540 1474 καλ
562 1402 653 1474 οὕτω
674 1407 783 1476 τύπον
805 1407 1039 1478 ἀποτελοῦσιν.
1073 1407 1189 1482 ’Ἄλλοι

77 1509 112 1576 δὲ
137 1509 304 1602 βόμβον
326 1514 501 1596 καλοῦσιν,
523 1504 568 1588 ὡς
587 1505 737 1590 Εύπολις
759 1513 797 1577 ἐν
815 1501 962 1592 Βάπταις
983 1512 1038 1579 καλ
1054 1518 1188 1582 Aide-

78 1637 162 1696 μος.
189 1612 287 1677 Conf.
308 1613 372 1679 vol.
396 1614 432 1678 II
452 1638 485 1701 p.
508 1615 569 1677 280
591 1612 641 1677 IV
666 1619 723 1679 141
747 1611 800 1679 διὸ
824 1611 960 1680 καὶτὸν
982 1615 1187 1704 κινούμενον

77 1718 257 1798 τροχίσκον
278 1708 345 1778 ὑπὸ
369 1719 438 1780 τῶν
460 1715 681 1798 φαρμακίδων
704 1712 834 1802 ῥόμβον
857 1721 1028 1783 καλοῦσιν.
1061 1718 1127 1785 Καὶ
1150 1720 1187 1784 ἐν

77 1811 245 1881 Εὐπόλιδι
277 1811 314 1880 δὲ
344 1812 402 1900 τὰς
439 1826 631 1900 περιφερεῖς
670 1816 819 1901 κινήσεις
851 1811 959 1895 οὕτως
990 1819 1186 1903 ἐξηγοῦνται

77 1907 130 1982 ‘³52
151 1915 296 2002 όύμβοις
322 1920 478 2001 μαστίξας
505 1916 590 2001 ἐμά’
636 1917 695 1986 Of..
719 1918 819 1985 schol.
843 1920 886 1985 ad
908 1920 1045 1987 Theocr.
1066 1944 1098 2008 p.
1124 1926 1186 1988 852

75 2019 198 2084 ΚὶοεεΙ.

603 2140 655 2202 34.
696 2197 697 2204 ,

147 2255 294 2320 'Deinde
321 2254 421 2321 schol.
448 2255 492 2320 ad
511 2255 559 2319 IV
583 2258 664 2320 1058
698 2250 1023 2339 στρενγόμενοι·
1052 2257 1089 2323 δὲ
1111 2254 1186 2326 ἀντὶ

76 2359 136 2422 τοῦ
159 2353 489 2440 ταλαιπωρούμενοι,
524 2353 814 2440 καταπονούμενοι
841 2348 862 2439 ἢ
896 2355 950 2420 καλ
973 2361 1186 2445 προςιλιατρί-

76 2463 204 2544 βοντες.
253 2460 405 2541 Γίγνεται
426 2457 463 2524 δὲ
481 2452 546 2524 ἀπὸ
570 2461 633 2522 τοῦ
652 2453 822 2541 στρόμξ,
845 2457 1019 2542 στραγγός.
1054 2466 1185 2546 Σημαλ-

75 2551 132 2625 νει
152 2557 190 2624 δὲ
221 2555 344 2643 στρὰγξ
365 2556 427 2643 τὴν
449 2557 533 2627 κατὰ
561 2553 683 2644 μικρὸν
701 2554 843 2641 πρόεσιν
866 2553 1011 2645 ὑδάτων,
1034 2557 1079 2641 σός
1101 2583 1184 2648 φησι

75 2663 262 2745 Δίδυμος
295 2660 410 2745 (schol.
446 2661 520 2727 edd.
554 2655 640 2726 ὅθεν
668 2660 723 2725 ιιαλ
754 2657 877 2745 στράμξ
912 2655 933 2746 ἡ
964 2658 1048 2728 κατὰ
1075 2655 1184 2749 βραχύ

76 2760 259 2849 πρόσθεσις
280 2767 356 2846 (ser.
378 2761 514 2847 πρόεσις
532 2765 594 2828 τοῦ
614 2758 760 2845 ὕδατος).

119 2895 121 2900 v
159 2865 284 2930 Neutro
299 2863 370 2930 loeo
388 2872 477 2936 caret
493 2865 719 2950 Diogenianus
736 2864 824 2950 apud
836 2865 1039 2951 Hesychium
1054 2869 1089 2932 II
1106 2873 1184 2937 1126

70 2963 256 3053 Ῥόμβος·
281 2967 374 3042 όϊνος
401 2965 476 3030 coll.
499 2965 599 3032 schol.
623 2966 666 3031 ad
687 2965 791 3031 Clem.
809 2965 907 3031 Alex.
933 2967 1065 3035 Cohort.
1088 2993 1120 3057 p.
1146 2977 1184 3035 15

75 3071 115 3136 ab
138 3071 272 3136 Osanno
295 3068 338 3133 ad
356 3067 494 3132 Philem.
516 3091 548 3153 p.
575 3070 634 3130 112
656 3067 788 3132 laudato
811 3077 843 3132 et
863 3068 1005 3158 111278
1023 3069 1184 3155 Στρεύ-

74 3196 205 3255 γεται·
238 3176 504 3250 ταλαιπωρελται.
533 3179 777 3235 ιιαταπονετται.
799 3172 955 3253 τρίβεται.
979 3183 1182 3256 τριψημερεϊ.

74 3270 356 3358 Στρεύγομαι.
390 3273 564 3356 διατρίβω,
599 3263 661 3353 ἀφ’
693 3259 735 3334 ού
760 3269 815 3336 καὶ
845 3268 1015 3356 στρύγξ,
1053 3269 1074 3357 ἡ
1102 3269 1184 3356 μετὰ

74 3371 184 3461 βραχύ
200 3373 345 3461 πρόεσις.
363 3368 574 3456 στρεύμει·
596 3373 847 3457 προσόιατρίβει
868 3372 903 3436 ΙΙ
919 3376 999 3438 1276
1017 3371 1184 3458 στρύγξ·

74 3473 218 3562 σταγών.
265 3474 435 3540 Vocabulo
465 3470 586 3557 στρόγξ
608 3496 687 3538 usus
707 3483 756 3538 est
775 3474 956 3539 Menander
973 3477 1008 3538 in
1031 3476 1184 3542 thesauro

74 3578 188 3644 fabula
208 3586 291 3642 teste
311 3575 427 3641 Photio
449 3579 526 3657 541,
546 3578 576 3641 2.
616 3574 693 3640 Noli
714 3576 815 3660 igitur
835 3575 985 3640 dubitare
1002 3578 1080 3664 quin
1098 3587 1184 3642 uter-

76 3703 138 3767 que
160 3679 252 3745 loeus
274 3701 292 3742 e
313 3677 452 3764 Didymi
469 3676 577 3742 lexico
600 3678 722 3742 nomino
742 3677 899 3763 repetitus
922 3677 973 3742 sit.
1015 3678 1183 3744 Meinekio
1228 3705 1231 3710 ·

76 3803 204 3870 quoque
216 3784 353 3867 (quaest.
367 3801 411 3842 sc.
425 3778 520 3865 IHp.
534 3781 566 3861 5)
588 3800 630 3843 ex
651 3777 713 3842 hoc
735 3799 832 3864 opere
854 3776 953 3842 ducta
975 3779 1182 3844 videbantur.

159 3885 206 3949 At
230 3883 374 3948 nondum
398 3889 501 3945 totum
527 3878 724 3944 curriculum
752 3881 876 3944 emensi
906 3903 1026 3946 sumus.
1077 3881 1183 3960 Quae-

75 3986 212 4052 rendum
233 3985 319 4048 enim
341 3991 399 4066 est,
417 3981 643 4046 laudandusne
664 4004 707 4046 an
728 3981 831 4046 falsus
854 3982 947 4047 ε110.
964 3980 1182 4060 Schneiderue

75 4088 108 4151 in
129 4109 247 4153 comm.
268 4085 308 4150 de
329 4092 409 4149 vett.
428 4086 461 4148 in
480 4084 582 4148 Arist.
604 4083 717 4148 echoll.
739 4081 820 4147 font.
842 4105 875 4168 p.
898 4086 955 4164 95,
975 4085 1027 4148 oui
1050 4083 1182 4169 quidem

76 4186 251 4252 admodum
275 4185 445 4273 probabile
470 4186 616 4269 videtur,
648 4193 740 4250 ‘oum
769 4185 804 4246 in
825 4183 926 4247 schol.
947 4183 990 4248 ad
1011 4184 1070 4248 Ar.
1094 4184 1180 4249 Plut.

74 4291 133 4353 313
150 4297 183 4352 et
201 4287 365 4358 εο1ιο1.,αό
382 4286 446 4374 Ap.
459 4286 584 4392 RMV
598 4291 678 4353 1614
697 4307 749 4372 ap.
761 4285 1002 4349 Invernizzium
1015 4284 1119 4373 praef.
1138 4285 1182 4351 ad
