2894 4890
208 371 268 434 168
655 403 698 415 --
744 371 855 430 Y—

208 535 310 602 πτέον
332 538 384 622 τῷ
403 528 436 598 δ’
462 521 573 614 εὖτε,
591 532 649 597 ἰ’να
670 522 692 619 ᾖ
716 527 796 598 άσελ
818 530 922 617 πτερά
943 529 999 599 διά
1021 529 1083 616 την
1105 531 1319 615 κουφότητα·
1346 517 1349 523 ’

208 639 336 716 ἔξωθεν
363 632 399 701 δὲ
426 629 463 700 τδ
491 629 545 708 ὥς.
589 630 756 720 Ιπρότερον
778 634 815 701 δέ
835 631 979 720 γράφων
998 629 1016 697 ὁ
1034 629 1247 719 Ἀρίσταρχος
1269 639 1320 722 τῷ

209 734 242 804 δ’
274 727 368 803 εὖτε
393 734 448 801 καὶ
476 731 560 801 κατὰ
581 733 750 821 συστολὴν
768 735 947 820 δεχόμενος
969 730 1043 800 ἀντὶ
1065 740 1127 801 τοῦ
1149 731 1249 820 ἠάτε,
1275 731 1321 813 άς

208 839 262 906 ἐπὶ
284 842 349 905 του
381 827 471 904 *εὖτ’
493 831 590 920 ὄρεος
612 843 802 926 κορυφῇσι’
826 842 870 923 (Γ
891 838 963 924 10),
990 835 1199 923 μετέγραψεν
1218 833 1321 902 ὕστε-

210 963 273 1027 ρον
293 943 349 1027 ’τῷ
376 933 408 1004 δ’
431 928 532 1004 αὖτε
556 936 827 1022 ἐμφατικοίτερον
854 940 993 1023 νομίσας
1014 933 1115 1023 εἶναι,
1144 931 1322 1004 ὑπακουο-

209 1042 313 1127 μένου
336 1044 397 1105 τοῦ
420 1033 482 1122 τίς,
502 1033 547 1116 ὦς
564 1035 661 1104 κάκεῖ
680 1039 886 1127 εκαιροσέων
908 1034 939 1104 δ’
966 1036 1120 1106 ὀθονέων
1142 1035 1322 1125 ἀπολείβε-

209 1149 281 1210 ται’
304 1141 382 1228 (od.
405 1164 426 1223 η
452 1140 537 1222 107).
572 1142 614 1205 A.
655 1141 772 1207 Insunt
791 1143 974 1229 Didymea,
998 1165 1195 1230 quamquam
1217 1143 1322 1208 verba

209 1243 351 1308 hominis
372 1243 444 1328 ipsa
465 1264 531 1312 non
554 1252 736 1308 servantur.

295 1347 368 1408 387.
392 1337 472 1409 οὐδὲ
494 1343 531 1409 έν
550 1339 664 1420 άλλαις
685 1334 772 1428 ἦσαν
795 1344 830 1408 οί
846 1338 1082 1427 άθετοάμενοι.
1105 1344 1146 1409 A.

297 1448 369 1510 393.
390 1439 497 1522 οὕτως
519 1441 575 1512 διά
597 1451 659 1512 του
680 1469 698 1511 ο
721 1443 943 1529 ζεύγνυον.
966 1447 1007 1510 A.

751 1625 791 1693 Y.

298 1753 347 1814 12.
389 1744 498 1826 οὕτως
530 1746 586 1813 διά
615 1754 678 1815 τοῦ
710 1777 723 1817 ι
753 1745 791 1816 τδ
824 1752 1004 1837 ίδνίησι·
1038 1750 1093 1816 καὶ
1125 1752 1254 1817 τέλειον
1283 1751 1321 1817 τὸ
1370 1827 1372 1830 ,

212 1855 369 1936 ποίησε.
392 1852 434 1915 A.

297 1956 348 2018 28.
369 1947 579 2036 Ἀρίσταρχος
598 1950 666 2015 καὶ
691 1951 738 2017 δέ
754 1977 791 2018 τι
813 1949 870 2019 διά
891 1958 954 2020 τοῦ
972 1980 995 2019 ι.
1018 1955 1059 2018 A.

298 2059 348 2120 35.
368 2047 579 2138 Ἀρίσταρχος
597 2050 811 2139 κέκασται,
834 2052 875 2120 οὐ
890 2050 1019 2121 διάτου
1035 2078 1052 2119 ο
1068 2051 1252 2120 κέκαστο.
1277 2057 1319 2119 A.

297 2159 349 2224 57.
393 2150 527 2239 αὐτὰρ
570 2156 742 2237 ἔνερθε·
790 2152 1002 2242 Ἀρίσταρχος
1038 2149 1150 2234 Ἰακαῐς
1190 2150 1323 2241 αὐτάρ·

210 2261 349 2344 νέρθε.
388 2258 430 2323 A.
1085 2309 1091 2315 ⁴
1220 2263 1223 2266 ’

298 2364 350 2426 59.
383 2359 690 2433 πολυπίδακος·
726 2352 833 2435 οὕτως
850 2353 1060 2445 Ἀρίσταρχος
1082 2361 1321 2426 πολυπίδα-

213 2484 300 2546 κος,
322 2455 416 2526 άλλοι
438 2459 474 2526 δὲ
499 2457 807 2525 πολυπιδάκου.
825 2462 867 2546 Α.

298 2566 350 2628 62.
383 2552 496 2628 ἆλτο*
529 2562 567 2627 ἐν
589 2554 679 2650 άλληι
702 2550 825 2644 άρτο.
859 2558 969 2643 οὕτως
990 2565 1046 2631 καὶ
1069 2559 1090 2650 ἡ
1113 2569 1321 2630 Μασσαλιω-

212 2660 298 2748 τική.
319 2664 391 2760 Α..

299 2772 351 2831 77.
385 2764 558 2850 μάλιστά
586 2791 646 2852 γε·
676 2762 886 2851 Ἀρίσταρχος
912 2763 1091 2852 μάλιστά
1120 2765 1152 2852 έ,
1179 2763 1321 2852 μάλιστα

212 2863 327 2935 αὐτόν.
348 2870 390 2933 A.

299 2974 351 3035 84.
374 2965 482 3047 οὕτως
503 2967 559 3036 διὰ
581 2974 643 3034 τοῦ
665 2996 677 3036 ι
699 2964 881 3054 ὑπίσχεο.
904 2970 945 3034 A.

290 3076 370 3159 Ι114.
390 3067 601 3156 Ἀρίσταρχος
621 3067 659 3138 τὸ
679 3065 700 3155 ἡ
721 3066 856 3154 άρθρον
873 3070 1053 3155 ,ἐκδέχεται
1073 3072 1264 3156 Ζηνόδοτος
1286 3074 1322 3141 δέ

213 3170 413 3261 περιέσπασε
435 3171 491 3238 καλ
512 3171 686 3258 έυίλιοσεν,
710 3172 799 3258 ρημα
822 3169 1050 3258 ἐκδεξάμενος,
1071 3169 1193 3258 ὁμοίως
1215 3180 1262 3264 τῷ
1284 3167 1323 3261 εἦ

213 3278 269 3343 καλ
289 3273 489 3362 κυανέησιν’
518 3277 564 3361 (A
586 3275 663 3361 528)
688 3273 743 3340 καὶ
761 3268 845 3339 ὅλον
868 3269 929 3338 τὸν
951 3277 1063 3358 στίχον
1082 3289 1270 3362 μεταποιεῖ,
1301 3269 1323 3361 ἦ

213 3372 246 3441 δ’
272 3371 426 3459 άμνδις
450 3374 660 3439 καλέσασα
682 3372 817 3453 θεοὺς
847 3377 937 3462 ρεῖα
967 3372 1169 3462 ζώοντας,
1197 3379 1262 3462 ἔφη
1285 3375 1322 3445 δέ

214 3481 260 3556 είς
283 3478 321 3542 ἓν
342 3481 581 3561 σνναμαγοῦσα
599 3475 679 3556 τούς
699 3474 814 3555 θεοάς.
838 3472 984 3561 η’γνάησε
1006 3477 1054 3561 δέ,
1078 3472 1123 3556 ὥς
1144 3475 1161 3543 ὁ
1184 3476 1324 3563 ποιητὴς

214 3574 256 3644 οὐ
276 3582 394 3664 χρῆται
413 3583 459 3669 τῷ
480 3568 502 3664 ἦ
523 3577 642 3665 ῥήματι
664 3580 701 3644 έν
724 3573 807 3666 άρχῇ
825 3576 948 3663 λόγον,
971 3573 1053 3645 άλλά
1076 3590 1145 3657 τοῖς
1167 3580 1323 3666 ῥηθεῖσιν

213 3679 366 3763 ἐπιλέγει.
407 3678 463 3744 καὶ
490 3677 598 3769 τούτῳ
626 3704 664 3763 με
685 3677 764 3767 παρ’
790 3676 880 3768 αὐτῷ
902 3682 1055 3766 διαφέρει
1077 3685 1140 3746 τοῦ
1161 3683 1242 3768 ἔφη,
1271 3679 1323 3748 ὅτι

213 3777 250 3846 τὸ
273 3776 336 3865 μὲν
358 3780 413 3845 καὶ
436 3779 651 3867 προτάττεται
671 3781 727 3848 καὶ
748 3777 978 3848 ὑποτάττεται.
1008 3779 1219 3869 Ἀρίσταρχος
1243 3782 1322 3869 δδὴ

213 3877 248 3946 δ’
270 3877 423 3967 άμυδις
441 3880 643 3968 στήσασα,
666 3883 721 3949 καὶ
743 3885 780 3949 αί
798 3890 959 3950 πλεῖσται.
980 3887 1022 3951 A.
1045 3885 1109 3972 [V.]

300 3984 371 4049 138.
413 3979 585 4071 άρχοισι·Ἰ
613 3980 824 4070 Ἀρίσταρχος
846 3989 1020 4072 προκρίνει
1048 3983 1111 4072 τὴν
1133 3983 1190 4053 διά
1211 3989 1275 4052 τοῦ
1295 4010 1320 4051 ιο

212 4082 365 4250 γραφήν,
398 4081 590 4171 γράφεσθαι
623 4086 663 4153 δέ
692 4103 775 4172 φησι
803 4085 858 4151 καὶ
882 4083 938 4152 διά
965 4091 1068 4174 τοάη
1091 4083 1243 4176 ὄρχησιν.
1277 4088 1319 4154 A.

195 4186 266 4371 ¹0¹¹·
287 4186 370 4354 ἵ56.
389 4282 600 4373 Ἀρίσταρχος
612 4281 725 4366 Ἰακαίς
746 4287 939 4375 λάμπετο.
962 4290 1022 4356 Α..
