2866 4882
1142 375 1205 438 349

93 545 183 631 Bip.)
216 553 405 631 excerptum
437 545 488 608 his
518 543 627 629 pergit
659 544 786 608 verbis:
825 542 1008 630 ‘Didymus
1040 542 1137 606 etiam
1169 562 1208 605 ea

42 709 43 712 ,
95 646 276 710 confirmat.
321 648 511 729 Δίδυμος
531 647 568 710 έν
587 648 633 730 τῷ
651 643 727 728 περὶ
749 648 807 728 τῆς
827 639 917 728 παρὰ
931 637 1102 726 Ῥωμαίοις
1123 635 1208 707 άνα-

16 753 19 758 “
96 750 221 830 λογίας.
266 741 382 825 Ἴωνες
411 747 466 811 καὶ
491 740 632 812 Ἀττικοὶ
659 741 699 810 τά
732 745 795 810 δύο
828 740 931 830 ἥμισυ
963 739 1067 828 ἥμισυ
1094 747 1209 829 τρίτον

96 851 210 932 φασίν.
256 846 312 912 κοιλ
339 845 379 913 τά
409 848 443 926 ἓξ
472 844 576 932 ἥμισυ
603 844 766 931 τάλαντα,
795 845 943 931 ἕβδομον
970 839 1206 931 ἡμιτάλαντον.

95 951 151 1015 καὶ
174 945 256 1027 τους
281 949 443 1032 τέσσαρας
469 944 574 1034 ἥμισυ
604 944 719 1033 πήχεις
748 948 901 1032 πέμπτην
928 944 1119 1033 σπιδαμην,
1145 973 1207 1014 κα-

95 1048 209 1132 θάπερ
240 1049 344 1135 φησὶν
367 1044 635 1134 Ἡλιόδωρος,
671 1044 708 1127 ὃς
734 1048 896 1131 προσδεῖς
918 1044 1041 1129 τόρέν
1061 1047 1104 1114 δέ
1125 1055 1208 1116 Βα-

95 1149 343 1236 τουσιάδης’
380 1152 582 1240 (Archilooh.
614 1151 654 1216 fr.
688 1153 730 1220 ,85
762 1174 795 1237 p.
828 1152 891 1216 486
920 1151 1060 1239 Bergk.)
1094 1153 1131 1218 ἐν
1163 1156 1210 1241 τῷ

95 1245 190 1337 περὶ
208 1257 419 1344 μουσικῆς
444 1253 595 1336 ἐπιφέρει
618 1255 731 1337 τρίτον
758 1246 940 1336 ἡμιπόδιον
962 1246 1037 1319 rival
1058 1260 1120 1319 τοῦ
1144 1252 1208 1320 δύο

95 1348 201 1436 ἥμισυ
222 1349 333 1433 πόδες.
378 1356 434 1420 καὶ
453 1352 618 1439 καθόλου,
651 1349 735 1420 ὅταν
755 1349 946 1437 βούλωνται
964 1348 1115 1441 ἀριθμόν
1132 1379 1207 1422 τινα

98 1457 227 1540 δηλοῦν
260 1455 315 1522 καὶ
350 1453 475 1542 μόριόν
500 1481 531 1521 τι
565 1457 827 1540 προσκείμενον,
860 1450 897 1520 τό
932 1449 1116 1542 ὁμώνυμον
1146 1463 1209 1523 τοῦ

97 1550 250 1641 ἀριθμοῦ
274 1559 339 1623 αἰεὶ
366 1559 428 1622 τοῦ
457 1553 697 1634 πλεονάζοντος
731 1554 891 1642 λαβόντες
916 1553 954 1624 τό
983 1552 1066 1625 ὅλον
1092 1562 1207 1644 φασίν,

97 1648 171 1721 οἷον
190 1653 231 1724 τά
252 1659 285 1737 ἓξ
303 1655 409 1744 ἥμισυ
432 1657 579 1743 ἕβδομον
598 1653 702 1745 ἥμισύ
724 1676 840 1744 φασιν,
863 1663 925 1724 τοῦ
947 1655 1028 1725 ἑπτά
1048 1658 1206 1747 ἕβδομον,

60 1811 61 1814 ,
97 1750 134 1834 ὃς
156 1756 279 1841 μονάδι
300 1759 473 1838 πλεονάζει
501 1764 564 1825 τοῦ
586 1758 635 1843 ἕξ,
666 1757 704 1825 τό
733 1755 918 1847 ὁμώνυμον
944 1759 1116 1846 λαβόντες.
1153 1765 1208 1829 καλ

92 1852 243 1943 Ῥωμαῖοι
280 1861 316 1926 δὲ
353 1856 601 1947 εὑρεθήσονται
632 1859 742 1951 τούτῳ
775 1860 943 1948 χρεόμενοι
979 1867 1025 1952 τῷ
1055 1862 1206 1949 σχήματι.

98 1957 138 2024 τά
162 1960 226 2045 γὰρ
250 1962 314 2028 δύο
343 1959 448 2049 ἥμισυ
472 1957 631 2050 ἀσσάρια,
667 1961 882 2050 σεστέρτιοάμ
905 1982 1027 2050 φασιν,
1059 1970 1122 2031 τοῦ
1147 1970 1210 2052 μὲν

99 2078 151 2145 σηΙ
170 2057 207 2127 τό
234 2058 338 2148 ἥμισυ
370 2066 573 2150 δηλοῦντος,
606 2060 652 2144 ὡς
678 2065 715 2131 έν
743 2071 789 2155 τῷ
817 2063 1008 2152 σημόδιοομ
1040 2065 1210 2152 σήσκουας

99 2160 309 2249 σησκουπλα,
339 2170 401 2231 τοῦ
438 2164 474 2232 a
502 2167 660 2251 τέρτιουμ
687 2162 724 2231 τὸ
751 2171 879 2252 τρίτον,
907 2168 962 2233 καὶ
987 2167 1079 2235 ἔστιν
1105 2165 1209 2256 ἥμισυ

98 2269 219 2350 τρίτον.
256 2267 297 2332 τά
319 2266 356 2333 δὲ
377 2271 484 2352 χείλια
506 2268 682 2352 σηστέρτια
702 2279 792 2334 ποιεῑ
812 2266 966 2336 διακόσια
999 2269 1207 2357 πεντήκοντα

99 2363 242 2452 δηνάρια
264 2363 397 2456 άρμυρᾶ
421 2365 481 2459 (ὡς
498 2365 592 2434 αὐτοὶ
617 2368 764 2455 λέγουσι,
780 2371 944 2457 δηναρίου
965 2368 1055 2458 παρὰ
1073 2369 1109 2439 τό
1123 2375 1210 2459 δῆνα
1236 2429 1238 2432 .

99 2469 411 2560 ἐσχηματισμένου),
435 2472 516 2537 δέκα
540 2470 576 2536 δὲ
597 2476 719 2556 χρυσᾶ,
749 2466 834 2557 άπερ
857 2472 912 2539 καὶ
934 2478 1029 2559 μέλλε
1050 2474 1210 2562 νοόμμοις

101 2577 214 2656 φασίν.
259 2573 297 2641 τό
328 2576 365 2641 δὲ
392 2573 563 2661 σήσκουας
588 2570 760 2640 σύνθετόν
783 2573 884 2646 ἐστιν,
905 2569 970 2642 άπό
999 2581 1061 2643 τοῦ
1083 2596 1125 2662 ση
1153 2579 1209 2644 καλ

101 2698 189 2759 κουμ
217 2676 273 2742 καλ
300 2681 363 2744 τοῦ
392 2672 431 2755 άς
464 2671 568 2754 άσσις.
619 2675 675 2741 καὶ
701 2677 792 2741 ἐστιν
820 2672 924 2761 ἥμισυ
954 2673 1020 2743 σὺν
1048 2673 1207 2767 ιἰσσαρίῳ,

99 2778 273 2844 τουτέστιν
300 2779 338 2844 ἓν
369 2774 473 2864 ἥμισυ
503 2772 677 2862 ἀσσάριον.
727 2771 840 2862 ὥσπερ
869 2777 906 2844 δὲ
939 2774 1125 2866 ἡμέδιμνον
1153 2769 1209 2847 λέ-

101 2895 222 2961 γουσιν
240 2874 379 2947 Ἀττικοὶ
401 2876 474 2946 ἀντὶ
496 2883 558 2944 τοῦ
580 2873 815 2964 ἡμιμέδιμνον,
836 2875 944 2958 οὕτως
965 2883 1021 2950 καὶ
1033 2872 1128 2948 οὗτοι
1148 2900 1210 2968 ση-

101 2974 246 3066 μόδιουμ
269 2978 510 3060 πλεονάζοντος
531 2983 593 3045 τοῦ
616 2988 663 3046 σ.’

479 3418 480 3421 ¹
566 3337 748 3424 Hsduvoi.

185 3488 258 3554 Hoc
283 3512 380 3576 opere
403 3491 499 3577 quale
521 3501 748 3576 argumentum
767 3501 957 3581 persecutus
986 3493 1029 3555 sit
1048 3493 1211 3581 hodieque

100 3593 178 3655 seiri
199 3594 233 3656 in
255 3601 347 3656 tanta
368 3594 625 3657 testimoniorum
648 3597 786 3680 penuria
807 3595 930 3681 nequit.
960 3593 1211 3679 Inscriptionem

101 3691 204 3755 solam
226 3695 372 3758 servavit
394 3692 512 3759 Suidas
534 3693 552 3756 I
574 3697 588 3756 1
612 3717 644 3780 p.
668 3696 729 3759 627
751 3694 872 3758 Bernh.
915 3691 952 3757 Si
974 3693 1055 3780 quid
1074 3693 1210 3759 halluci-

100 3795 173 3856 nari
191 3794 283 3876 licet,
312 3795 508 3860 crediderim
531 3791 661 3860 πιθανά
689 3795 901 3883 (probabilia)
929 3794 1067 3880 Didymi
1087 3796 1210 3860 oiroum

100 3895 385 3980 interpretationes
423 3897 632 3963 historiarum
670 3897 896 3962 fabularumvo
929 3893 1211 3982 probabilissimas

101 4004 233 4059 versata
262 4017 344 4061 esse.
391 3996 442 4062 Of.
470 3998 571 4064 sohol.
601 3999 660 4063 Ar.
682 3998 768 4065 Plut.
796 3999 857 4062 210
890 3991 928 4061 τό
960 3996 996 4061 δὲ
1024 3991 1210 4061 πιθανόν

101 4099 164 4159 τοῦ
185 4094 290 4179 λόγου
309 4095 530 4186 ἐπινενόηται.
567 4101 771 4186 Quamquam
792 4097 980 4183 scrupulum
1001 4100 1103 4180 inicit,
1125 4099 1213 4184 quod

101 4196 270 4283 Apollonii
306 4199 498 4285 opusculum
532 4201 697 4287 Didymeo
728 4199 803 4263 huic
836 4200 1130 4285 superinstruetum
1158 4219 1210 4285 ap.

100 4297 193 4370 Suid.
215 4301 422 4364 interiectum
442 4301 587 4369 medium
608 4309 658 4365 est
679 4300 844 4387 opusculis
866 4321 956 4366 mere
977 4300 1210 4384 grammaticis.
