2752 4890
1186 387 1242 447 111

133 554 186 624 del
206 550 274 622 τιν’
297 558 343 633 είς
367 554 403 642 (1.
428 553 559 637 τείνεις)
589 554 676 637 βίον.
721 551 829 616 Schol.
856 549 919 615 vol.
943 551 975 615 V
996 571 1028 636 p.
1052 553 1113 615 377
1138 549 1175 618 τὰ
1206 553 1261 620 dt·

134 656 199 726 del
220 653 410 739 Εὐριπίδης
432 654 485 720 ἐπὶ
507 651 633 736 χρόνον
648 648 777 744 τάσσει,
801 647 875 718 ἀντὶ
895 655 957 718 τοῦ
977 650 1040 729 ἕως
1053 658 1115 719 τοῦ
1129 655 1243 739 δεῦρο.

136 763 188 826 Of.
211 758 412 824 Bachmann.
436 779 551 844 syneg.
574 759 623 838 33,
648 760 699 821 30.
724 755 808 819 Cum
829 754 891 818 heo
911 753 1139 821 observatione
1159 780 1244 822 oom-

134 873 232 951 pares'
262 860 361 926 velim
391 859 527 922 alteram
555 879 657 945 aeque
688 857 830 939 futilem,
860 863 1022 920 vetustam
1053 865 1162 922 tomen
1191 880 1243 946 ap.

136 964 238 1043 schol.
265 964 325 1027 La.
350 959 500 1046 Sophocl.
525 959 565 1024 O.
591 959 629 1024 O.
657 962 736 1023 1584
763 981 795 1044 p.
820 961 860 1021 62
890 966 923 1021 et
943 978 995 1044 ap.
1023 956 1123 1022 schol.
1146 959 1242 1027 Hom.

134 1066 173 1128 ll.
196 1069 234 1128 N
251 1068 312 1128 517
335 1062 401 1134 vol.
424 1061 458 1124 ΙΙ
480 1085 512 1148 p.
536 1065 597 1126 374
620 1060 728 1126 Bekk.

218 1165 275 1230 Or.
314 1166 375 1228 373
413 1163 493 1227 Hes.
529 1163 545 1226 Ι
579 1166 640 1228 652
678 1159 871 1247 ἀφύίίον
910 1155 1129 1244 στόματος·
1160 1157 1244 1230 ἄνευ

131 1268 309 1351 ἱκετηρίας.
334 1260 542 1350 Εὐριπίδης
558 1259 701 1351 Ὀρέστῃ.
746 1263 798 1330 Of.
825 1262 926 1328 schol.
957 1262 1022 1328 vol.
1046 1263 1095 1328 IV
1116 1289 1148 1352 p.
1172 1268 1243 1348 347,

132 1369 190 1434 ubi
216 1370 323 1456 ipsum
349 1367 432 1433 illud
454 1360 528 1433 ἀντὶ
558 1370 620 1433 τοῦ
647 1359 730 1432 ἄνευ
759 1366 924 1449 ἱκετηρίας
950 1365 1080 1430 uncinis
1112 1365 1244 1432 inclusit

131 1469 341 1536 Matthineus.
365 1467 405 1532 In
426 1467 540 1534 eodem
563 1466 686 1533 scholio
708 1465 860 1532 laudatur
874 1465 998 1531 Achaei
1020 1487 1063 1532 ex
1073 1467 1241 1534 Azanibus

132 1576 241 1656 loono,
264 1595 359 1660 quem
380 1580 510 1659 poetam
530 1571 693 1658 Didymus
715 1571 945 1657 interpretetus
968 1577 1028 1634 est.

219 1676 295 1739 Tro.
323 1676 402 1738 1303
436 1667 596 1756 ἀγωνία
629 1672 709 1737 Ηοο.
742 1671 758 1734 Ι
792 1673 832 1734 79
866 1665 1052 1755 Εὐριπίδης
1082 1670 1120 1736 δὲ
1155 1677 1243 1755 Τρω-
1284 1727 1288 1736 ,

132 1774 189 1841 τίοι
212 1773 371 1860 πόλεμον.
404 1775 481 1841 Tro.
504 1777 577 1838 384.
609 1778 689 1838 1177
711 1769 828 1857 οίοχρά
850 1772 969 1838 Hes.I
1005 1777 1064 1838 175
1097 1773 1242 1859 μυσαρά,

132 1877 231 1962 κακά,
261 1872 451 1962 Εὐριπίδης
476 1871 642 1958 Τρωίοιν.
686 1876 756 1940 Ηοο
788 1875 831 1938 ad
866 1878 953 1940 locos
976 1875 1138 1941 Vaticana
1170 1879 1242 1942 cod.

132 1984 194 2044 999
219 1977 342 2044 scholia
360 1977 442 2042 nihil
469 1976 635 2041 adnotant.
677 1975 743 2041 Sed
764 1977 845 2041 Hes.
879 1979 896 2041 I
932 1981 990 2042 183
1022 1972 1173 2054 ἄκανος
1200 2016 1243 2026 -

132 2080 201 2147 ἐστὶ
226 2079 263 2146 δὲ
285 2081 340 2145 καί
365 2071 386 2164 ἡ
409 2076 502 2164 ῥάχις
527 2082 595 2143 τοῖν
617 2078 823 2162 σφονδύλων
843 2085 905 2146 τοῦ
931 2078 1066 2164 ἰχθύος·
1098 2073 1243 2162 Εὐριπί-

134 2187 196 2267 δης
219 2181 386 2268 ΤρωοίσινΔ
405 2181 451 2267 (v.
478 2177 551 2264 117)
575 2203 648 2244 cum
671 2179 771 2245 schol.
793 2203 826 2270 p.
854 2186 891 2245 19
914 2182 965 2246 ed.
991 2181 1142 2267 Kampm.
1167 2201 1243 2267 qua-

133 2286 206 2350 drat
236 2277 392 2348 ἄκανθαν
415 2330 645 2346 ........
677 2277 739 2365 τὴν
775 2287 845 2350 τῶν
876 2287 988 2368 μελοῖν
1020 2276 1207 2347 ἄκανθαν.
1233 2329 1240 2344 .

134 2435 273 2452 ......
293 2381 459 2469 οφονδύί.
482 2387 613 2467 τοίχους
633 2384 670 2450 dt
691 2383 749 2463 τὰς
769 2381 916 2471 πλευρὰς
938 2435 1043 2451 .....
1068 2385 1240 2474 [είρ1ηκεν.

132 2487 194 2572 τὴν
216 2484 314 2574 ῥάχιν
337 2477 401 2552 οὖν
423 2481 579 2554 ἄκανθαν
601 2535 870 2553 .........
893 2486 962 2553 ἐστὶ
990 2484 1053 2572 τὴν
1075 2484 1172 2574 ῥάχιν
1196 2490 1243 2553 εί-

134 2595 233 2672 lium
258 2638 395 2653 .....
420 2629 459 2635 —
490 2586 582 2667 Quae
609 2591 688 2676 quin
709 2589 847 2677 Didymi
869 2591 1120 2677 explicationem
1142 2591 1242 2655 conti·
1291 2644 1294 2650 ,

131 2701 231 2756 neunt
257 2713 323 2756 non
346 2690 470 2757 dubito.
591 2734 605 2756 .
725 2769 728 2776 Ι
984 2741 986 2746 .

221 2794 276 2858 Ex
298 2803 339 2858 et.
362 2817 404 2858 m.
418 2797 497 2875 179,
523 2794 560 2856 13
577 2801 617 2856 et.
640 2793 726 2860 Gud.
746 2797 796 2874 97,
819 2798 954 2860 37-45
974 2793 1082 2862 Crem.
1104 2791 1240 2858 aneodd.

133 2898 196 2962 Ox.
236 2897 253 2960 I
281 2920 313 2984 p.
335 2899 392 2978 37,
423 2899 459 2959 31
486 2904 527 2959 ct.
550 2893 668 2977 Angel.
700 2895 761 2958 col.
787 2898 825 2958 12
851 2917 882 2982 p.
903 2897 988 2961 VIII
1011 2896 1061 2962 ed.
1084 2895 1241 2962 Ritschels

133 3023 158 3064 s.
181 3023 213 3063 v.
234 2993 430 3081 Ἀφροδίτη,
455 2997 512 3061 ubi
532 2997 641 3062 stetim
666 2995 708 3059 ab
741 2998 835 3062 initio
867 3001 985 3064 citatur
1017 2999 1132 3086 Eurip.
1165 2997 1242 3064 Tro.

133 3125 163 3165 v.
188 3104 251 3166 982
272 3094 312 3164 τὰ
333 3095 428 3184 μωρὰ
450 3094 515 3183 γὰρ
538 3094 697 3162 πάντεσσι
717 3101 889 3181 γίγνονται
911 3106 1062 3186 βροτοῖς,
1091 3102 1241 3166 novimus

132 3201 269 3289 Didymi
299 3224 371 3266 esse
387 3198 501 3266 schol.
529 3197 571 3263 ed
592 3219 624 3262 v.
650 3201 711 3264 983
734 3223 766 3287 p.
790 3203 829 3265 25
850 3203 1020 3292 Kampm.‚
1046 3201 1104 3268 sed
1124 3204 1242 3267 misere

135 3303 406 3389 expilatis'inque
428 3301 561 3367 brevius
586 3303 707 3366 coactis
728 3303 837 3368 verbis
858 3307 1020 3391 genuinis.

216 3403 310 3468 Nihil
332 3405 404 3468 dico
428 3403 577 3489 amplius.
611 3391 684 3468 Hoc
705 3403 790 3470 enirn
812 3407 950 3473 evicisse
971 3406 1051 3472 mihi
1069 3404 1193 3488 videor,
1207 3414 1243 3468 nt

132 3515 303 3594 appareat,
330 3503 468 3590 Didymi
495 3503 623 3568 lexicon
651 3508 811 3592 tragicum
831 3510 866 3572 in
885 3509 1017 3574 brevius
1040 3516 1242 3574 contractum

132 3615 231 3672 totum
251 3611 285 3671 in
307 3605 475 3694 Hesychio
497 3608 615 3687 inesse,
644 3606 730 3689 sive,
753 3609 839 3693 quod
862 3613 974 3678 eodem
996 3609 1090 3693 redit,
1113 3609 1239 3694 glossas

131 3709 287 3795 Aeschyli
321 3707 490 3793 Sophoclis
526 3703 694 3794 Euripidis
728 3709 818 3774 Ionis
852 3721 928 3776 cett.
962 3711 1137 3776 dictionem
1168 3709 1240 3774 illu-

131 3818 269 3874 strantes
297 3805 440 3874 mexima
465 3830 507 3872 ex
535 3817 627 3894 parte
652 3811 832 3896 Didymum
857 3821 1021 3878 auctorem
1050 3833 1239 3897 agnoscere.
