2812 4868
204 357 247 418 46

205 520 307 588 schol.
332 521 391 586 Ar.
420 521 551 586 Thesm.
576 525 637 588 523
669 533 701 589 et
727 525 852 610 Vespp.
882 529 979 608 1166,
1009 547 1145 612 quorum
1174 529 1320 596 locorum

205 623 367 710 posterior
387 632 498 708 aperte
521 649 539 689 e
561 626 700 713 Didymi
721 626 827 690 lexico
857 627 980 691 comico
1001 628 1234 714 transscriptus
1259 641 1318 697 est.

206 726 301 789 Facit
317 724 381 789 huc
402 724 482 788 Hes.
506 725 541 788 II
564 729 624 792 383
655 723 807 808 κύπαρος
828 727 873 792 II.
898 750 931 814 p.
955 727 1017 792 296
1041 724 1201 810 κύτταροι
1228 730 1317 814 (coll.

207 829 246 892 F.
268 827 309 892 G.
329 827 487 914 Wagner.
507 828 624 913 fragm.
648 838 732 913 trag.
752 827 806 891 III
827 851 859 914 p.
884 828 950 914 72).
992 827 1044 893 Of.
1064 829 1159 894 Phot.
1185 832 1255 913 192,
1280 835 1316 896 19

206 929 330 994 ΡοΙΙιισ.
347 929 371 992 Ἰ
391 931 451 991 254
475 928 542 992 VII
567 933 626 993 147
655 929 746 993 Suid.
773 928 848 993 Vol.
872 929 907 992 II
930 932 943 991 1
965 951 997 1015 p.
1015 934 1077 994 476
1099 938 1141 994 et.
1172 953 1215 994 m.
1230 936 1317 1015 193,

210 1035 319 1115 1-13,
339 1033 393 1118 qui
404 1029 629 1117 Lycophronis
644 1031 962 1096 animadversionem
974 1053 1040 1096 non
1051 1032 1168 1113 omisit,
1188 1041 1317 1102 testem·

206 1155 268 1222 que
292 1135 425 1220 insuper
453 1134 574 1198 excitat
594 1132 819 1214 Aristotelem,
854 1141 894 1223 ut,
918 1132 1024 1197 videri
1054 1133 1158 1218 possit
1179 1133 1318 1220 Didymi

205 1235 307 1302 verba
329 1234 515 1300 adcuratius
537 1236 752 1320 excerpsisse.
785 1233 826 1297 V.
846 1232 996 1298 Schneid.
1020 1234 1058 1298 L.
1081 1227 1138 1298 Gr.
1163 1232 1180 1297 I
1198 1257 1231 1320 p.
1245 1241 1315 1300 717.

735 1441 785 1500 30.

290 1589 457 1655 Postremo
479 1589 550 1654 loeo
574 1589 692 1673 dignus
712 1598 776 1671 est,
800 1609 863 1674 quo
880 1595 1019 1678 utamur,
1040 1587 1143 1672 ipsius
1156 1591 1316 1682 Hesychii

158 1703 160 1706 ’
204 1693 295 1756 loeus
315 1689 351 1753 II
374 1692 433 1752 194
456 1690 570 1773 adid,
592 1692 627 1755 in
650 1712 712 1776 quo
731 1689 829 1770 cardo
852 1691 901 1752 rei
921 1697 1084 1772 versatur,
1103 1697 1314 1781 comproban-

206 1793 283 1858 dum
330 1792 518 1878 aptissimus
559 1791 960 1874 κατειλυσπωμένην
1006 1788 1077 1876 (Αι.
1111 1793 1191 1881 Lys.
1227 1801 1313 1886 723).

205 1890 222 1960 ὁ
255 1891 317 1978 μὲν
349 1890 584 1975 Λυκόφρων
623 1891 896 1979 καταρτωμένην,
938 1883 1246 1982 Ἐρατοσθένης
1278 1899 1314 1966 δὲ

204 2002 404 2078 συγκεῖσθαι
436 1990 498 2078 τὴν
529 1994 619 2072 λέξιν
650 1996 687 2060 ἐκ
717 2000 779 2059 τοῦ
810 1997 911 2059 εἱλεῖν
938 1993 994 2058 καὶ
1022 1997 1162 2061 caduce.
1207 2000 1313 2067 Audis

93 2113 94 2116 ’
203 2099 304 2182 igitur
326 2097 422 2162 editis
441 2096 551 2161 verbis
570 2097 676 2182 ipsum
697 2104 872 2161 testantem
889 2095 1158 2184 lexicographum
1174 2099 1210 2164 id
1228 2103 1314 2188 quod

204 2199 361 2282 diximus,
391 2197 616 2284 Lycophronis
643 2206 740 2283 atque
768 2198 996 2262 Eratosthenis
1025 2189 1067 2262 de
1098 2200 1268 2268 vocabulis
1297 2228 1313 2268 e

204 2301 372 2366 comoedia
392 2301 503 2387 petitis
522 2299 689 2364 intellectu
707 2299 947 2366 difficilioribus
966 2300 1144 2364 sententias
1161 2303 1197 2366 in
1213 2325 1313 2370 unum

203 2399 359 2466 conflatas
380 2403 413 2464 in
430 2402 534 2488 ipsius
557 2402 757 2486 farraginem
778 2403 1038 2486 transmigrasse,
1061 2401 1216 2468 conflatas
1234 2427 1313 2472 vero

203 2525 223 2566 a
237 2503 382 2590 Didymo
405 2526 486 2586 esse,
511 2526 554 2567 ex
572 2502 734 2567 Athenaei
754 2505 946 2568 auctoritate
962 2502 1143 2589 pendentes
1155 2503 1243 2571 haud
1257 2508 1313 2571 im-

177 2597 366 2689 probabili
388 2606 504 2690 opinor
526 2605 713 2668 coniectura
736 2605 917 2668 statuimus.

287 2702 384 2784 Quod
416 2707 444 2768 si
473 2705 557 2770 hanc
591 2727 696 2769 meam
735 2707 929 2772 sententiam
961 2705 1136 2771 lectoribus
1165 2708 1312 2794 probavi,

202 2826 297 2892 spero
329 2805 428 2870 fidem
458 2807 528 2872 fore
559 2807 669 2872 verbis
697 2809 793 2891 meis,
826 2825 900 2872 cum
927 2829 980 2871 eas
1004 2829 1132 2894 quoque
1153 2809 1312 2900 Hesychii

201 2905 344 2990 glossas,
375 2907 410 2969 in
432 2907 551 2994 quibus
574 2917 630 2974 aut
651 2909 861 2974 Eratostheni
881 2918 938 2973 aut
959 2909 1169 2996 Lycophroni
1191 2913 1312 2980 denun-

201 3009 305 3072 ciatur
315 3010 548 3094 testimonium,
563 3033 605 3076 ex
624 3012 739 3078 eodem
756 3013 846 3076 sonte
860 3011 1032 3099 (Didymo)
1044 3011 1180 3078 fluxisse
1193 3016 1310 3082 dicam.

201 3109 331 3194 Agmen
349 3110 537 3176 ducatHea
555 3111 590 3175 II
606 3116 686 3177 1376
704 3107 907 3188 τευτάζει·
922 3101 1311 3207 σκευωρεῑ(1.-ελται),

200 3205 371 3296 ἡσυχάζει,
407 3215 588 3298 διατρίβει,
621 3215 655 3278 ολ
680 3213 716 3278 δὲ
738 3203 922 3298 φροντίζεις
957 3236 1039 3300 quae
1062 3225 1138 3279 sunt
1160 3228 1312 3303 quattuor

200 3315 484 3396 grammaticorum
502 3317 744 3401 conglutinatae
765 3317 1063 3402 interpretationes,
1083 3317 1311 3406 Lycophronis

169 3433 175 3460 ¹
199 3414 400 3480 Artemidori
417 3417 555 3504 Didymi
578 3424 610 3482 et
630 3419 737 3504 quarti
757 3419 868 3483 nescio
891 3417 997 3500 cuius,
1018 3419 1073 3504 qui
1090 3419 1194 3497 λέξεις
1211 3422 1312 3506 ῥητο-

200 3514 295 3600 ρικάς
315 3517 369 3583 vel
389 3528 614 3613 composuerat
632 3520 686 3585 vel
708 3521 951 3607 compilaverat.

730 3727 781 3788 31.

284 3869 460 3939 Testantur
479 3877 573 3941 Phot.
587 3879 658 3958 571,
674 3879 712 3940 16
728 3873 907 3966 ,ruvrdtav
932 3879 988 3966 (cf.
1002 3879 1148 3946 Lobeck.
1168 3882 1309 3950 technol.

198 3997 229 4060 p.
252 3965 331 4062 222)
355 3978 416 4039 583
425 4022 434 4056 ,
459 3980 496 4040 10
520 4009 560 4036 -ε
580 3977 678 4042 Mich.
710 3977 825 4065 Apost.
856 3978 949 4044 Cant.
979 3982 1100 4046 XVIII
1121 3988 1161 4047 lo
1191 4008 1223 4072 p.
1248 3989 1309 4052 227

197 4074 362 4138 Lauta.
386 4083 428 4140 et.
452 4100 495 4141 m.
527 4081 589 4141 755
614 4079 720 4168 (685),
744 4083 784 4145 38
817 4079 987 4159 τευτάζειυ
1013 4085 1309 4169 πραγματεύεσθαι

198 4174 253 4240 καὶ
276 4186 531 4262 σκευωρεῖσθαι.
562 4174 583 4262 ἢ
606 4179 854 4265 στραγεύεσθαι
876 4182 931 4248 καὶ
952 4180 1040 4251 πολὺ
1063 4187 1248 4272 διατρίβειν
1272 4190 1310 4254 ἐν

197 4280 244 4363 τῷ
273 4272 375 4366 αὐτῷ.
420 4278 658 4367 Λυκόφρων
688 4278 805 4368 οὕτως.
850 4285 906 4352 aad
928 4279 1117 4372 Δίδυμος
1146 4292 1309 4374 προσθείς
