2812 4868
1152 369 1193 434 35

624 546 653 605 7.

168 657 250 723 Hes.
275 658 311 722 ΙΙ
333 659 394 722 629
426 660 660 741 Μυκερίνα·
693 651 890 752 ἡΜέμφιςἸ
916 664 1106 747 Δίδυμος
1132 661 1194 748 τὴν

82 760 179 827 Σάϊν.
209 755 332 842 ταύτης
359 753 422 843 γάρ
451 757 540 842 λέγει
561 753 740 842 Ἡρόδοτος
763 763 961 844 βασιλεῦσαι
985 769 1193 846 Μυκερῖνον.

83 864 132 928 Id.
153 883 252 949 supra
279 863 565 942 Μουκερίνιιι·
587 859 685 937 πόλις
695 860 732 925 έν
744 857 916 952 Αἰγύπτῳ,
939 860 1069 948 ἡΣάίς.
1092 867 1195 932 Hero·

81 965 152 1030 doti
173 964 265 1030 loeus
288 972 337 1028 est
357 963 393 1027 II
418 965 476 1027 129
500 985 570 1050 sqq.

623 1133 652 1195 8.

167 1268 248 1332 Hes
273 1267 309 1332 II
332 1270 393 1334 733
416 1262 610 1349 Οίσπιίτη
634 1265 721 1352 (cod.
744 1265 911 1356 οἰσπάτη),
934 1263 952 1334 ό
974 1267 1091 1355 βύπος,
1114 1263 1131 1338 ὁ
1157 1267 1194 1337 δέ

24 1379 27 1388 ’
82 1372 277 1454 Δίδυμος
299 1365 359 1433 τόν
380 1372 449 1433 τῶν
467 1363 647 1452 προβάτων
670 1363 815 1452 (κόπρον
829 1368 904 1433 add.
923 1369 1062 1459 Salm.)?
1084 1368 1195 1440 ὄνθον

84 1468 274 1558 προβάτων.
305 1469 438 1556 Spectat
459 1469 502 1532 ad
518 1469 576 1534 Ar.
596 1468 676 1555 Lys.
695 1473 756 1532 575
779 1477 811 1533 et
830 1469 954 1536 Oratio.
977 1472 1193 1560 Dionysalex.

82 1574 123 1639 fr.
147 1575 181 1637 X
208 1596 240 1659 p.
268 1577 305 1636 17
329 1572 379 1636 ed.
403 1569 514 1634 Runk.
558 1569 646 1634 Male
674 1579 705 1634 et
727 1571 845 1636 vitiose
866 1573 1128 1661 Kulenkampius
1152 1577 1195 1642 ad

83 1683 181 1762 etym.
212 1673 298 1738 eud.
328 1697 360 1758 p.
384 1674 444 1736 984
466 1671 626 1756 Hesychii
646 1671 753 1735 looum
781 1674 828 1737 sie
849 1674 998 1740 immutet
1017 1674 1194 1762 οἰσπάτη

83 1771 100 1840 ό
134 1780 205 1841 τῶν
227 1771 424 1860 προβάτων,
452 1772 613 1854 Δίδυμος.
670 1771 809 1838 cautum
845 1777 932 1840 enim
964 1780 1194 1864 grammaticus

83 1879 323 1944 eruditissimus
346 1876 575 1940 adnotamento
597 1896 655 1939 suo
679 1896 750 1939 esse
773 1877 890 1960 voluit,
914 1902 954 1944 ne
976 1881 1194 1968 imperitiores

84 1987 207 2064 οίσπην
234 1981 304 2044 sive
333 1976 478 2060 οίσύπην
506 1999 579 2042 oum
599 1975 744 2060 οἰσπύτη
765 1979 1013 2046 confunderent.
1060 1982 1194 2069 Οἰσύπη

83 2085 170 2148 enim
206 2105 231 2145 e.
261 2075 429 2163 οἰσυπηρά
455 2080 529 2162 ἔρια
568 2077 726 2166 (Hesyoh.
752 2082 849 2145 etiam
872 2075 1066 2169 όσσυπηρά,
1091 2085 1195 2173 Phry-

10 2179 15 2194 '
82 2185 170 2249 nich.
195 2179 368 2266 οἰσυπηρά
391 2181 497 2265 affert)
524 2190 573 2246 est
592 2189 664 2246 ἰαωα
684 2188 806 2248 succido
840 2185 911 2250 sive
939 2191 1060 2264 sucida,
1089 2187 1195 2274 quade

84 2286 266 2374 ‘quaedam
286 2285 413 2350 notovit
434 2283 633 2369 Wesseling.
656 2284 699 2348 ad
721 2277 844 2350 Herod.
865 2309 897 2372 p.
910 2290 982 2370 563,
1005 2289 1064 2351 42³
1089 2288 1194 2353 Koen.

83 2390 125 2454 ad
149 2389 250 2474 Greg.
276 2387 351 2453 (ior.
375 2390 437 2452 256
444 2437 453 2471 ,
485 2381 632 2470 οἰσπιότη
659 2409 737 2452 vero
764 2388 980 2473 Aristophani
1006 2398 1037 2453 et
1061 2388 1194 2455 Cratino

46 2567 48 2569 ,
84 2497 195 2571 ‘fimus'
210 2497 333 2556 ovillus’
357 2491 486 2556 dicitur.
523 2486 617 2555 Ἔστι
637 2484 701 2572 γὰρ
721 2487 868 2572 οἰσπύτη
888 2485 924 2554 τό
944 2493 1006 2555 τοῦ
1021 2488 1194 2578 προβάτου

85 2589 280 2677 διαχεόρημα
290 2601 373 2658 teste
386 2601 427 2658 et.
441 2615 483 2656 m.
499 2595 560 2657 561
572 2591 673 2677 (619),
690 2594 737 2673 10,
757 2592 813 2676 qui
824 2590 969 2677 Didymo
981 2595 1100 2677 paruit.
1123 2593 1194 2657 Mu-

83 2696 160 2761 tilns
181 2717 253 2760 esee
272 2694 407 2760 Photius
427 2694 558 2761 videtur
581 2694 652 2775 323,
671 2695 712 2756 24
734 2689 881 2776 οἰσπάτη
905 2683 980 2759 οἷον
1004 2693 1082 2780 (leg.
1098 2696 1193 2781 οἰτόν)

87 2795 205 2884 ῥύπος,
228 2801 378 2873 οίσυτιος.
399 2790 641 2880 Ἀριστοφάνης
663 2789 885 2878 Λυσιστράτη.
907 2785 1042 2860 Excidit
1059 2795 1196 2882 Didymi

86 2899 321 2985 interpretatio.
365 2897 512 2963 Fuerunt
544 2900 640 2962 etiem
676 2901 732 2984 qui
761 2892 931 2978 οἰσπώτην
958 2905 991 2960 et
1019 2896 1196 2980 σφυράδας

84 3000 180 3065 male·
193 3001 439 3083 confunderent,
456 2997 521 3066 'sed
546 3001 602 3088 qui
623 2999 804 3088 Phryniohi
822 2997 1108 3085 reprehensionem
1129 3023 1195 3067 non

85 3103 265 3189 effugerent
296 3125 348 3190 ep.
379 3102 488 3168 Bekk.
523 3102 661 3168 aneodd.
696 3103 713 3167 Ι
738 3106 794 3185 57,
823 3106 843 3164 4
874 3100 962 3187 (coll.
990 3101 1073 3165 Poll.
1103 3101 1192 3166 V91

84 3227 115 3291 p.
138 3207 199 3270 213
228 3204 338 3270 Bekk.
370 3204 427 3270 ubi
455 3229 517 3271 om.
549 3202 739 3289 οπύραθοι,
770 3201 939 3287 πύραθοι,
968 3203 1196 3289 σπορθύγγια,

87 3302 551 3391 πορθυγγίς-σπόρθυγγες).

625 3479 654 3542 9.

171 3595 253 3662 Hes.
275 3595 405 3662 111146
427 3593 639 3681 Σαμιακός
660 3592 827 3677 τρόπος·
855 3590 918 3661 δύο
938 3596 1037 3677 δηλοῖ
1056 3589 1077 3679 ἡ
1101 3594 1196 3679 λέξις,

86 3697 122 3762 δν
158 3693 236 3783 μὲν
261 3695 298 3764 τό
328 3695 382 3762 en
410 3700 551 3784 διαβολῇ
575 3704 643 3764 τῶν
671 3701 827 3780 Σαμίων,
860 3697 1128 3780 θρυλλουμόνων
1152 3690 1198 3773 ὡς

86 3797 316 3883 κατεαγότων,
345 3797 492 3882 ἕτερον
519 3795 561 3864 δέ
584 3793 635 3864 ὅτι
657 3798 693 3862 αί
712 3793 892 3880 λεγόμεναι·
914 3793 1084 3881 Σάμαιναι
1113 3797 1195 3885 (vid.

86 3900 289 3966 Schneidew.
313 3903 355 3967 ad
374 3902 498 3986 Bergk.
528 3923 610 3966 eom.
633 3900 703 3966 Att.
730 3925 762 3987 p.
786 3901 862 3984 139)
891 3899 1119 3983 κατέστρωντο
1146 3901 1194 3964 δι’

86 3995 176 4067 όλου.
234 4003 424 4086 Δίδυμος
453 4000 489 4068 δὲ
519 3999 578 4080 τάς
606 4006 780 4086 Σαμαίνας
807 4003 992 4084 ἰδιαιτέραν
1021 3995 1109 4084 παρά
1138 3995 1197 4076 τὰς

86 4097 185 4180 άλλως
207 4107 293 4180 ναῦς
315 4099 377 4187 τὴν
396 4099 608 4188 κατασκευὴν
628 4105 725 4186 ἔχειν.
763 4100 941 4189 εὐρύτεροι
966 4099 1027 4187 μὲν
1049 4097 1113 4184 γὰρ
1134 4099 1196 4165 εἰσί

86 4200 141 4283 τὰς
158 4205 331 4290 γαστέρας.
365 4202 445 4283 τούς
463 4205 499 4271 δὲ
521 4203 687 4290 ἐμβόλους
708 4209 982 4288 σεσίμωνται,
1015 4195 1060 4278 τός
1083 4202 1196 4267 δοκεῖν

87 4304 244 4391 ῥύγχεσιν
266 4301 340 4373 ὑῶν
358 4301 481 4392 ὁμοίως
498 4306 777 4390 κατεσκευάσθαι,
801 4297 875 4370 οἷον
893 4307 973 4387 [lxo]
995 4299 1198 4392 ύοπρςόρους

718 4408 724 4416 ,
939 4403 957 4464 3
968 4407 985 4448 ,Ι
