2858 4882
1147 361 1207 426 381

93 536 243 625 (Heius.)
275 534 351 617 περὶ
371 527 624 617 κηΠυθαγορικῆς
652 532 901 617 aaronque),
936 531 978 595 cf.
1009 530 1140 595 Fabric.
1169 531 1209 594 B.

97 639 138 704 G.
162 638 179 702 I
199 661 231 726 p.
249 640 321 701 488.
346 635 437 700 Stob.
461 634 520 699 ecl.
549 634 613 699 eth.
639 656 671 720 p.
699 637 753 696 151
792 632 882 721 (περὶ
909 631 1131 722 acptrrogy),
1165 633 1208 696 cf.

94 742 236 806 Haeren.
261 740 301 804 de
324 737 468 802 sontibus
492 735 638 808 Stobaei¹
656 735 723 800 vol.
743 735 779 799 Il
807 740 826 798 2
851 758 883 822 p.
910 739 1024 800 189-
1039 739 1113 819 192,
1145 737 1210 821 qui,

94 867 168 908 oum
189 842 330 930 plurima
350 840 410 904 ecl.
435 839 499 904 eth.
525 838 561 901 ΙΙ
582 861 609 902 c.
636 837 703 902 VII
724 859 767 901 ex
792 837 854 902 hoc
884 836 976 904 libro
996 841 1212 925 transscripta

95 965 167 1008 esse
186 945 379 1030 suspicatur,
398 940 533 1005 fallitur.
565 939 649 1003 Nam
664 945 748 1003 teste
767 939 916 1020 Eudocia
936 963 968 1026 p.
987 942 1052 1003 272
1079 939 1212 1004 Celsi-

95 1069 167 1110 nus
200 1047 299 1109 etiam
334 1044 459 1109 Eudori
491 1042 578 1107 filius
619 1044 750 1129 scripsit
792 1039 996 1125 συναγωγην
1034 1041 1212 1126 δογμάτων

57 1193 59 1196 -
100 1143 205 1230 πάσης
242 1145 399 1230 αἱρέσεως
431 1140 655 1229 φιλοσόφων,
689 1153 785 1231 atque
818 1144 915 1227 alios,
956 1147 1012 1231 qui
1041 1145 1129 1210 idem
1156 1169 1212 1214 ¹ar-

96 1259 286 1334 gumentum
333 1250 498 1334 persecuti
537 1256 627 1331 sunt,
650 1277 653 1283 ·
676 1254 842 1310 enumerat
880 1247 936 1309 Fr.
972 1247 1129 1312 Ritschel.
1171 1250 1212 1314 de

98 1351 210 1416 Orion.
254 1371 364 1436 gnom.
410 1358 494 1437 part.
530 1349 665 1436 deperd.
702 1349 808 1412 Bonn.
845 1351 979 1434 1839s40
1012 1372 1045 1435 p.
1078 1349 1141 1414 XI.
1166 1389 1212 1418 ,-

103 1452 197 1515 Hanc
219 1453 439 1516 coniecturam
462 1452 490 1514 si
511 1450 714 1538 probaveris,
737 1450 834 1514 facile
857 1449 1043 1535 intelleges,
1064 1451 1143 1538 qnid
1162 1452 1213 1532 sit,

101 1553 189 1640 quod
228 1553 486 1638 fragmentorum
520 1574 597 1638 pars
630 1551 739 1616 altera
762 1573 864 1638 eaque
892 1553 1003 1616 maior
1026 1554 1213 1637 grammati-

102 1677 192 1737 cum,
215 1654 319 1736 altera
336 1643 446 1741 neque
465 1656 538 1741 ipsa
572 1657 757 1740 spernenda
781 1652 1009 1740 philosophum
1030 1653 1118 1718 haud
1139 1675 1214 1719 oon·

100 1757 311 1821 temnendum
332 1757 451 1842 prodat
481 1757 524 1820 ad
545 1755 733 1820 Heraclidis
756 1764 789 1819 et
802 1755 998 1820 Aristoxeni
1016 1757 1132 1819 musici
1158 1778 1213 1826 exss
1278 1775 1282 1784 ’

101 1857 207 1944 ampla
236 1878 272 1920 se
301 1864 560 1943 componentem.
606 1855 745 1943 Scripsit
773 1855 970 1930 Tarentinus
991 1855 1053 1920 ille
1072 1859 1216 1920 musicus

100 1980 138 2021 ac
159 1957 373 2044 philosophus
395 1959 571 2043 omnigena
592 1957 775 2021 eruditione
786 1956 930 2022 imbutus
946 1955 1115 2042 σύμμικτοι
1127 1975 1216 2042 συμ-

101 2053 222 2124 ποτικά
252 2067 283 2123 et
314 2057 484 2142 σύμμικτοι
512 2053 736 2142 ὑπομνήματα
772 2081 791 2122 a
821 2057 958 2145 Sopatro
997 2049 1143 2145 sophista
1179 2063 1215 2123 in

102 2158 235 2246 brevius
261 2161 396 2244 redacta
418 2161 528 2248 (Phot.
549 2162 620 2226 cod.
637 2160 752 2234 CLXI¹
769 2183 801 2246 p.
821 2164 879 2224 103
891 2160 1000 2224 Bekk.
1016 2161 1056 2225 Ε.
1082 2161 1213 2247 Koepk.

67 2273 70 2278 '
102 2260 256 2347 hypomn.
281 2285 346 2328 scr.
369 2262 428 2328 Gr.
449 2262 558 2328 Berol.
579 2265 670 2346 1842,
693 2268 723 2346 4.
746 2285 787 2348 p.
805 2262 876 2347 11),
893 2263 1058 2349 Didymus
1081 2279 1214 2346 συμπο-

102 2360 202 2428 σιακά
234 2365 294 2451 (et)
325 2359 493 2447 σύμμικτοι
521 2364 562 2428 ab
583 2365 745 2430 Alexione
765 2363 932 2448 breviata,
960 2364 1049 2428 unde
1070 2385 1150 2429 cave
1172 2387 1214 2429 ne

101 2463 282 2549 profecisse
313 2469 489 2552 augureris'
513 2465 604 2540 Stob.
630 2466 719 2531 Flor.
751 2466 813 2531 CII
839 2469 878 2530 28
908 2465 945 2532 ἐκ
971 2470 1030 2550 τῆς
1055 2462 1215 2549 Λιόάμον

68 2651 70 2654 ¹
98 2558 274 2649 Ἐπιτομῆς
299 2568 441 2655 (Trina,
468 2569 560 2634 deest
582 2569 673 2634 locus
694 2569 751 2656 A).
796 2568 971 2634 Librorum
995 2575 1033 2632 de
1052 2589 1216 2648 comparo·
1282 2552 1291 2570 .

103 2673 230 2732 tionibus
251 2678 364 2735 auctor·
386 2671 450 2734 fuit
470 2673 688 2738 Aristoxenus
710 2682 794 2737 teste
814 2672 935 2736 Athen.
957 2670 1041 2735 XIV
1058 2694 1089 2757 p.
1109 2673 1166 2735 631
1186 2672 1215 2734 E

106 2769 157 2856 (ἐν
171 2765 293 2859 πρώτῳ
309 2773 552 2861 σνγκρίσεων);
572 2776 711 2860 scriptor
723 2768 931 2857 ὁμοιοτήτων
948 2773 1124 2859 Didymus,
1144 2774 1215 2836 imi-

103 2879 190 2934 tatus
214 2872 353 2938 fortasse
376 2873 584 2940 Sosibium
604 2877 769 2941 Laconem
794 2876 929 2963 (Athen.
952 2875 1019 2939 XV
1040 2899 1072 2962 p.
1086 2878 1161 2958 690)
1185 2884 1217 2939 et
1286 2935 1288 2938 .

104 2993 214 3056 regem
234 2973 374 3039 Iubam
399 2977 534 3064 (Athen.
557 2978 606 3044 IV
623 3002 655 3065 p.
682 2983 741 3043 170
764 2979 820 3063 E).
877 2977 986 3042 Vitam
1008 2976 1216 3064 Pythagorae

104 3073 306 3162 aliorumque
335 3081 431 3162 βίους
453 3080 627 3166 descripsit
657 3089 688 3143 et
710 3079 785 3164 περὶ
803 3081 1057 3163 Πυθαγορικῶν
1083 3072 1220 3161 άποφά-

177 3299 205 3365 1)
224 3299 385 3367 Δίδυμος
403 3296 440 3353 δὲ
459 3295 494 3353 ἐν
513 3303 558 3372 τῷ
575 3323 605 3360 π,
619 3303 655 3358 Π.
675 3322 707 3371 φ.
745 3299 844 3357 Θεανώ
864 3297 917 3371 τὴν
935 3302 1130 3371 Κροτωνιᾶτιν
1144 3298 1220 3372 πριά-

106 3400 158 3449 την
177 3385 322 3451 γυναικών
337 3387 532 3455 φιλοσοφῆσαι
548 3387 597 3440 καὶ
615 3384 761 3457 ποιήματα
782 3384 891 3458 γράψαι
910 3386 1026 3457 ἱστορεῖ.

175 3474 202 3541 2)
232 3476 297 3525 Fuit
327 3476 409 3526 etiam
437 3477 506 3528 alius
536 3478 700 3544 Didymus
727 3479 981 3530 Alexandrinus
1010 3482 1163 3530 musicus
1191 3483 1219 3530 et

106 3566 245 3624 geometra
271 3577 383 3626 coecus,
407 3564 454 3628 qui
472 3569 549 3614 sexto
578 3565 750 3637 imperatoris
779 3565 934 3616 Constantii
958 3581 1028 3615 anno
1053 3566 1135 3628 vixit,
1166 3581 1219 3630 quo

105 3650 228 3712 tempore
244 3647 389 3699 Antiochia
416 3654 600 3702 terraemotu
620 3656 759 3717 prostrata
777 3657 828 3703 est.
865 3652 955 3702 Huius
974 3653 1096 3702 meminit
1119 3653 1217 3716 Georg.

112 3731 226 3783 Cedren.
252 3733 317 3785 hist.
343 3737 483 3802 compend.
508 3739 521 3787 I
545 3755 571 3803 p.
597 3739 661 3802 522,
681 3739 714 3790 11·
736 3739 822 3788 Bekk.
846 3744 873 3789 'et
897 3740 977 3789 Anna
994 3737 1140 3788 Oommena
1158 3735 1220 3784 Ale-

112 3817 185 3867 xiad.
203 3819 243 3868 IX
263 3819 296 3869 10
314 3820 369 3872 vol.
385 3823 399 3872 I
414 3839 441 3887 p.
454 3823 506 3874 460
525 3826 568 3876 ed.
587 3825 830 3890 Schopen.=Par.
851 3843 879 3892 p.
897 3824 981 3876 266B
999 3819 1132 3886 καθάπερ
1152 3811 1220 3870 ἐκεῖ-

106 3916 157 3959 νος
185 3894 201 3951 ὁ
227 3901 519 3975 Δίδυμος-μουσικῆς
549 3904 597 3959 καὶ
625 3908 794 3977 γεωμετρίας
818 3906 859 3970 εἰς
880 3902 971 3977 άαρον
990 3901 1139 3981 ἒλήάνθεν.
1177 3907 1219 3957 cf.
1249 3913 1252 3918 ’

108 3990 190 4038 etiam
216 3991 244 4041 S.
269 3993 381 4044 Maxim.
407 3997 435 4045 in
456 3997 572 4061 Dionys.
592 3998 727 4062 Areopag.
753 4000 786 4049 Τ.
806 3999 820 4048 Ι
842 4015 869 4063 p.
890 3998 940 4050 188
963 3998 1006 4048 ed.
1027 3996 1137 4046 Corder.
1156 3996 1219 4045 Par.

109 4074 176 4125 1633
203 4075 250 4126 101.
283 4083 366 4144 atqua
390 4082 499 4132 omnino
516 4083 625 4150 Fabricg
644 4084 705 4152 Bo.
720 4084 789 4136 VIII
810 4100 838 4149 p.
861 4084 922 4135 351.
960 4084 1085 4135 Ceterum
1114 4083 1220 4144 mirum,

109 4162 181 4225 quod
199 4164 282 4214 etiam
294 4165 427 4230 Didymus
444 4167 548 4218 Coccus
564 4169 673 4233 scripsit
688 4169 722 4220 de
739 4170 836 4235 impari
853 4185 964 4219 numero
984 4171 1042 4218 sive
1055 4171 1222 4234 septenario.

109 4248 170 4299 coll.
187 4250 349 4316 Hieronym.
375 4254 482 4319 apolog.
506 4270 555 4318 pro
579 4255 627 4304 lib.
648 4255 710 4305 adv.
730 4256 836 4306 Iovian.
874 4256 940 4305 Cum
957 4255 1009 4305 hoc
1027 4255 1138 4306 Suidam
1158 4239 1225 4306 oon-s

109 4335 214 4386 fudisse
232 4337 379 4402 Didymum
396 4341 551 4390 Heraclidis
574 4341 697 4405 equidem
716 4358 775 4404 ‚non
795 4343 882 4392 ausim
905 4341 1075 4394 contendero.
