<?xml version="1.0" encoding="UTF-8"?>
<!DOCTYPE html PUBLIC "-//W3C//DTD XHTML 1.0 Transitional//EN"
    "http://www.w3.org/TR/xhtml1/DTD/xhtml1-transitional.dtd">
<html xmlns="http://www.w3.org/1999/xhtml" xml:lang="en" lang="en">
 <head>
  <title>
</title>
<meta http-equiv="Content-Type" content="text/html;charset=utf-8" />
  <meta name='ocr-system' content='tesseract 3.04.00' />
  <meta name='ocr-capabilities' content='ocr_page ocr_carea ocr_par ocr_line ocrx_word'/>
</head>
<body>
  <div class='ocr_page' id='page_1' title='image "./didymichalcente01schmgoog_0230.png"; bbox 0 0 2894 4890; ppageno 0'>
   <div class='ocr_carea' id='block_1_1' title="bbox 546 371 1228 434">
    <p class='ocr_par' dir='ltr' id='par_1_1' title="bbox 546 371 1228 434">
     <span class='ocr_line' id='line_1_1' title="bbox 546 371 1228 434; baseline -0.003 0"><span class='ocrx_word' id='word_1_1' title='bbox 546 408 589 421; x_wconf 91' lang='lat'>-</span> <span class='ocrx_word' id='word_1_2' title='bbox 637 393 741 434; x_wconf 86' lang='grc' dir='ltr'>υ-ω</span> <span class='ocrx_word' id='word_1_3' title='bbox 785 411 828 420; x_wconf 93' lang='lat'>-</span> <span class='ocrx_word' id='word_1_4' title='bbox 1171 371 1228 433; x_wconf 81' lang='lat'>211</span> 
     </span>
    </p>
   </div>
   <div class='ocr_carea' id='block_1_2' title="bbox 659 561 746 602">
    <p class='ocr_par' dir='ltr' id='par_1_2' title="bbox 659 561 746 602">
     <span class='ocr_line' id='line_1_2' title="bbox 659 561 746 602; baseline 0 -22"><span class='ocrx_word' id='word_1_5' title='bbox 659 561 681 602; x_wconf 79' lang='grc'>,,</span> <span class='ocrx_word' id='word_1_6' title='bbox 745 573 746 580; x_wconf 74' lang='grc'><strong>,</strong></span> 
     </span>
    </p>
   </div>
   <div class='ocr_carea' id='block_1_3' title="bbox 210 627 1143 742">
    <p class='ocr_par' dir='ltr' id='par_1_3' title="bbox 210 627 1143 742">
     <span class='ocr_line' id='line_1_3' title="bbox 210 627 1143 742; baseline 0.001 -25"><span class='ocrx_word' id='word_1_7' title='bbox 210 654 321 741; x_wconf 76' lang='lat'>[1316.</span> <span class='ocrx_word' id='word_1_8' title='bbox 365 643 452 738; x_wconf 79' lang='grc' dir='ltr'><em>ἦεν·</em></span> <span class='ocrx_word' id='word_1_9' title='bbox 472 679 523 738; x_wconf 80' lang='grc' dir='ltr'>γρ.</span> <span class='ocrx_word' id='word_1_10' title='bbox 549 661 612 738; x_wconf 74' lang='grc' dir='ltr'>εἴη,</span> <span class='ocrx_word' id='word_1_11' title='bbox 635 649 730 719; x_wconf 77' lang='lat' dir='ltr'>duel</span> <span class='ocrx_word' id='word_1_12' title='bbox 754 665 914 737; x_wconf 79' lang='grc' dir='ltr'><strong><em>κρεῖττον.</em></strong></span> <span class='ocrx_word' id='word_1_13' title='bbox 938 627 1036 719; x_wconf 92' lang='lat' dir='ltr'>Vind.</span> <span class='ocrx_word' id='word_1_14' title='bbox 1061 655 1143 742; x_wconf 84' lang='lat'>1.33.]</span> 
     </span>
    </p>
   </div>
   <div class='ocr_carea' id='block_1_4' title="bbox 122 843 1230 1714">
    <p class='ocr_par' dir='ltr' id='par_1_4' title="bbox 231 843 765 929">
     <span class='ocr_line' id='line_1_4' title="bbox 231 843 765 929; baseline -0.019 0"><span class='ocrx_word' id='word_1_15' title='bbox 231 899 233 902; x_wconf 93' lang='lat'>-</span> <span class='ocrx_word' id='word_1_16' title='bbox 589 847 639 929; x_wconf 73' lang='lat' dir='ltr'>(a</span> <span class='ocrx_word' id='word_1_17' title='bbox 663 843 706 927; x_wconf 81' lang='grc' dir='ltr'>ι)</span> <span class='ocrx_word' id='word_1_18' title='bbox 730 852 765 919; x_wconf 75' lang='lat' dir='ltr'>a</span> 
     </span>
    </p>

    <p class='ocr_par' dir='ltr' id='par_1_5' title="bbox 122 958 1230 1147">
     <span class='ocr_line' id='line_1_5' title="bbox 207 958 1230 1047; baseline 0.002 -26"><span class='ocrx_word' id='word_1_19' title='bbox 207 969 232 1036; x_wconf 77' lang='grc' dir='ltr'>ψ</span> <span class='ocrx_word' id='word_1_20' title='bbox 259 963 315 1022; x_wconf 88' lang='lat'>191</span> <span class='ocrx_word' id='word_1_21' title='bbox 361 981 404 1024; x_wconf 87' lang='lat' dir='ltr'>ex</span> <span class='ocrx_word' id='word_1_22' title='bbox 430 960 618 1036; x_wconf 80' lang='lat' dir='ltr'>Herodiano</span> <span class='ocrx_word' id='word_1_23' title='bbox 652 959 817 1047; x_wconf 87' lang='lat' dir='ltr'>profluxit.</span> <span class='ocrx_word' id='word_1_24' title='bbox 873 958 925 1023; x_wconf 81' lang='lat' dir='ltr'>Of.</span> <span class='ocrx_word' id='word_1_25' title='bbox 957 967 998 1023; x_wconf 90' lang='lat' dir='ltr'>et.</span> <span class='ocrx_word' id='word_1_26' title='bbox 1027 981 1069 1023; x_wconf 90' lang='lat' dir='ltr'>m.</span> <span class='ocrx_word' id='word_1_27' title='bbox 1102 963 1159 1041; x_wconf 95' lang='grc'>49,</span> <span class='ocrx_word' id='word_1_28' title='bbox 1191 965 1230 1023; x_wconf 85' lang='grc'>44</span> 
     </span>
     <span class='ocr_line' id='line_1_6' title="bbox 122 1060 815 1147; baseline 0 -24"><span class='ocrx_word' id='word_1_29' title='bbox 122 1060 272 1124; x_wconf 85' lang='lat' dir='ltr'>Eustath.</span> <span class='ocrx_word' id='word_1_30' title='bbox 295 1065 392 1144; x_wconf 83' lang='grc'><strong>1944,</strong></span> <span class='ocrx_word' id='word_1_31' title='bbox 417 1065 456 1125; x_wconf 86' lang='grc'>30</span> <span class='ocrx_word' id='word_1_32' title='bbox 478 1062 593 1125; x_wconf 90' lang='lat' dir='ltr'>Lchrs.</span> <span class='ocrx_word' id='word_1_33' title='bbox 616 1060 675 1124; x_wconf 91' lang='lat' dir='ltr'>Ar.</span> <span class='ocrx_word' id='word_1_34' title='bbox 697 1084 729 1147; x_wconf 91' lang='lat' dir='ltr'>p.</span> <span class='ocrx_word' id='word_1_35' title='bbox 744 1064 815 1125; x_wconf 91' lang='grc'><strong>311.</strong></span> 
     </span>
    </p>

    <p class='ocr_par' dir='ltr' id='par_1_6' title="bbox 207 1160 1088 1245">
     <span class='ocr_line' id='line_1_7' title="bbox 207 1160 1088 1245; baseline 0.006 -24"><span class='ocrx_word' id='word_1_36' title='bbox 207 1161 317 1223; x_wconf 73' lang='grc'><strong>1218.</strong></span> <span class='ocrx_word' id='word_1_37' title='bbox 358 1160 449 1245; x_wconf 86' lang='lat' dir='ltr'><strong>vulg.</strong></span> <span class='ocrx_word' id='word_1_38' title='bbox 469 1163 649 1227; x_wconf 86' lang='lat' dir='ltr'>Aristonici</span> <span class='ocrx_word' id='word_1_39' title='bbox 674 1171 709 1225; x_wconf 93' lang='lat' dir='ltr'>et·</span> <span class='ocrx_word' id='word_1_40' title='bbox 730 1162 902 1226; x_wconf 80' lang='lat' dir='ltr'>Nicanoris</span> <span class='ocrx_word' id='word_1_41' title='bbox 927 1161 1088 1226; x_wconf 89' lang='lat' dir='ltr'>videntur.</span> 
     </span>
    </p>

    <p class='ocr_par' dir='ltr' id='par_1_7' title="bbox 123 1257 1230 1650">
     <span class='ocr_line' id='line_1_8' title="bbox 209 1257 1230 1352; baseline 0.004 -29"><span class='ocrx_word' id='word_1_42' title='bbox 209 1263 280 1324; x_wconf 80' lang='lat'>296.</span> <span class='ocrx_word' id='word_1_43' title='bbox 325 1265 424 1327; x_wconf 81' lang='grc' dir='ltr'><strong><em>τοῦτο</em></strong></span> <span class='ocrx_word' id='word_1_44' title='bbox 453 1257 613 1352; x_wconf 67' lang='grc' dir='ltr'><strong><em>τδτέλος</em></strong></span> <span class='ocrx_word' id='word_1_45' title='bbox 641 1266 699 1344; x_wconf 79' lang='grc' dir='ltr'>τῆς</span> <span class='ocrx_word' id='word_1_46' title='bbox 718 1257 910 1339; x_wconf 80' lang='grc' dir='ltr'><strong><em>Ὀδυσσείας</em></strong></span> <span class='ocrx_word' id='word_1_47' title='bbox 934 1262 1038 1346; x_wconf 81' lang='grc' dir='ltr'><strong><em>φησὶν</em></strong></span> <span class='ocrx_word' id='word_1_48' title='bbox 1058 1257 1230 1347; x_wconf 74' lang='grc' dir='ltr'><strong><em>Ἀρίσταρ-</em></strong></span> 
     </span>
     <span class='ocr_line' id='line_1_9' title="bbox 123 1359 1228 1448; baseline 0.001 -23"><span class='ocrx_word' id='word_1_49' title='bbox 123 1385 181 1445; x_wconf 87' lang='grc' dir='ltr'>χος</span> <span class='ocrx_word' id='word_1_50' title='bbox 202 1362 257 1426; x_wconf 78' lang='grc' dir='ltr'>καὶ</span> <span class='ocrx_word' id='word_1_51' title='bbox 278 1359 528 1448; x_wconf 83' lang='grc' dir='ltr'><strong><em>Ἀριστοφάνης.</em></strong></span> <span class='ocrx_word' id='word_1_52' title='bbox 572 1364 612 1444; x_wconf 75' lang='lat' dir='ltr'>Q.</span> <span class='ocrx_word' id='word_1_53' title='bbox 639 1363 732 1427; x_wconf 84' lang='lat' dir='ltr'>Harl.</span> <span class='ocrx_word' id='word_1_54' title='bbox 756 1364 855 1428; x_wconf 90' lang='lat' dir='ltr'>Vind.</span> <span class='ocrx_word' id='word_1_55' title='bbox 880 1368 937 1430; x_wconf 89' lang='lat'>133</span> <span class='ocrx_word' id='word_1_56' title='bbox 964 1363 1063 1427; x_wconf 89' lang='lat' dir='ltr'>Vind.</span> <span class='ocrx_word' id='word_1_57' title='bbox 1087 1367 1105 1424; x_wconf 82' lang='lat'>5</span> <span class='ocrx_word' id='word_1_58' title='bbox 1129 1362 1228 1448; x_wconf 85' lang='lat' dir='ltr'>Vulg.</span> 
     </span>
     <span class='ocr_line' id='line_1_10' title="bbox 123 1461 1230 1549; baseline 0.002 -23"><span class='ocrx_word' id='word_1_59' title='bbox 123 1464 273 1528; x_wconf 85' lang='lat' dir='ltr'>Eustath.</span> <span class='ocrx_word' id='word_1_60' title='bbox 302 1468 400 1549; x_wconf 88' lang='grc'><strong>1948,</strong></span> <span class='ocrx_word' id='word_1_61' title='bbox 428 1471 479 1531; x_wconf 87' lang='grc'>47.</span> <span class='ocrx_word' id='word_1_62' title='bbox 532 1466 734 1546; x_wconf 76' lang='lat' dir='ltr'>Quibuscum</span> <span class='ocrx_word' id='word_1_63' title='bbox 765 1465 939 1529; x_wconf 83' lang='lat' dir='ltr'>cohaerent</span> <span class='ocrx_word' id='word_1_64' title='bbox 969 1469 1029 1528; x_wconf 87' lang='grc'>319</span> <span class='ocrx_word' id='word_1_65' title='bbox 1050 1461 1101 1544; x_wconf 75' lang='lat' dir='ltr'>Q.</span> <span class='ocrx_word' id='word_1_66' title='bbox 1130 1465 1230 1528; x_wconf 93' lang='lat' dir='ltr'>Vind.</span> 
     </span>
     <span class='ocr_line' id='line_1_11' title="bbox 126 1566 305 1650; baseline 0.011 -22"><span class='ocrx_word' id='word_1_67' title='bbox 126 1567 184 1629; x_wconf 88' lang='lat'>133</span> <span class='ocrx_word' id='word_1_68' title='bbox 206 1566 305 1650; x_wconf 85' lang='lat' dir='ltr'>Vulg.</span> 
     </span>
    </p>

    <p class='ocr_par' dir='ltr' id='par_1_8' title="bbox 659 1674 695 1714">
     <span class='ocr_line' id='line_1_12' title="bbox 659 1674 695 1714; baseline -0.028 0"><span class='ocrx_word' id='word_1_69' title='bbox 659 1674 695 1714; x_wconf 86' lang='grc' dir='ltr'>ω.</span> 
     </span>
    </p>
   </div>
   <div class='ocr_carea' id='block_1_5' title="bbox 210 1768 830 1856">
    <p class='ocr_par' dir='ltr' id='par_1_9' title="bbox 210 1768 830 1856">
     <span class='ocr_line' id='line_1_13' title="bbox 210 1768 830 1856; baseline 0.003 -27"><span class='ocrx_word' id='word_1_70' title='bbox 210 1774 238 1831; x_wconf 89' lang='grc'>1.</span> <span class='ocrx_word' id='word_1_71' title='bbox 281 1768 434 1833; x_wconf 80' lang='lat' dir='ltr'>Fortasse</span> <span class='ocrx_word' id='word_1_72' title='bbox 456 1768 662 1834; x_wconf 86' lang='lat' dir='ltr'>Aristonicus</span> <span class='ocrx_word' id='word_1_73' title='bbox 691 1768 830 1856; x_wconf 90' lang='lat' dir='ltr'>scripsit.</span> 
     </span>
    </p>
   </div>
   <div class='ocr_carea' id='block_1_6' title="bbox 124 2156 1234 2858">
    <p class='ocr_par' dir='ltr' id='par_1_10' title="bbox 124 2156 1234 2858">
     <span class='ocr_line' id='line_1_14' title="bbox 208 2156 1233 2246; baseline -0.001 -25"><span class='ocrx_word' id='word_1_74' title='bbox 208 2156 300 2222; x_wconf 87' lang='lat' dir='ltr'>Haec</span> <span class='ocrx_word' id='word_1_75' title='bbox 321 2158 390 2222; x_wconf 88' lang='lat' dir='ltr'>fere</span> <span class='ocrx_word' id='word_1_76' title='bbox 415 2167 505 2241; x_wconf 90' lang='lat' dir='ltr'>sunt,</span> <span class='ocrx_word' id='word_1_77' title='bbox 543 2181 626 2246; x_wconf 91' lang='lat' dir='ltr'>quae</span> <span class='ocrx_word' id='word_1_78' title='bbox 657 2158 835 2245; x_wconf 87' lang='lat' dir='ltr'>eDidymi</span> <span class='ocrx_word' id='word_1_79' title='bbox 855 2159 955 2224; x_wconf 81' lang='lat' dir='ltr'>&#39;libris</span> <span class='ocrx_word' id='word_1_80' title='bbox 986 2159 1027 2223; x_wconf 91' lang='lat' dir='ltr'>de</span> <span class='ocrx_word' id='word_1_81' title='bbox 1050 2157 1233 2221; x_wconf 80' lang='lat' dir='ltr'>Aristarchi</span> 
     </span>
     <span class='ocr_line' id='line_1_15' title="bbox 124 2259 1233 2347; baseline 0.001 -27"><span class='ocrx_word' id='word_1_82' title='bbox 124 2259 314 2323; x_wconf 81' lang='lat' dir='ltr'>recensione</span> <span class='ocrx_word' id='word_1_83' title='bbox 340 2260 516 2325; x_wconf 91' lang='lat' dir='ltr'>Homerica</span> <span class='ocrx_word' id='word_1_84' title='bbox 543 2271 575 2325; x_wconf 88' lang='lat' dir='ltr'>et</span> <span class='ocrx_word' id='word_1_85' title='bbox 594 2261 853 2347; x_wconf 83' lang='lat' dir='ltr'>hypomnematis</span> <span class='ocrx_word' id='word_1_86' title='bbox 881 2261 1064 2326; x_wconf 90' lang='lat' dir='ltr'>Homericis</span> <span class='ocrx_word' id='word_1_87' title='bbox 1094 2267 1233 2322; x_wconf 86' lang='lat' dir='ltr'>aetatem</span> 
     </span>
     <span class='ocr_line' id='line_1_16' title="bbox 124 2359 1231 2449; baseline 0.001 -27"><span class='ocrx_word' id='word_1_88' title='bbox 124 2360 276 2444; x_wconf 90' lang='lat' dir='ltr'>tulerunt,</span> <span class='ocrx_word' id='word_1_89' title='bbox 298 2363 332 2425; x_wconf 92' lang='lat' dir='ltr'>in</span> <span class='ocrx_word' id='word_1_90' title='bbox 353 2361 471 2448; x_wconf 91' lang='lat' dir='ltr'>quibus</span> <span class='ocrx_word' id='word_1_91' title='bbox 491 2362 547 2426; x_wconf 91' lang='lat' dir='ltr'>illc</span> <span class='ocrx_word' id='word_1_92' title='bbox 565 2363 797 2449; x_wconf 90' lang='lat' dir='ltr'>componendis</span> <span class='ocrx_word' id='word_1_93' title='bbox 818 2363 936 2449; x_wconf 90' lang='lat' dir='ltr'>quibus</span> <span class='ocrx_word' id='word_1_94' title='bbox 959 2364 1137 2426; x_wconf 89' lang='lat' dir='ltr'>instructus</span> <span class='ocrx_word' id='word_1_95' title='bbox 1158 2359 1231 2424; x_wconf 91' lang='lat' dir='ltr'>sub-</span> 
     </span>
     <span class='ocr_line' id='line_1_17' title="bbox 125 2463 1232 2552; baseline -0.002 -25"><span class='ocrx_word' id='word_1_96' title='bbox 125 2463 218 2527; x_wconf 87' lang='lat' dir='ltr'>sidiis</span> <span class='ocrx_word' id='word_1_97' title='bbox 242 2472 273 2527; x_wconf 92' lang='lat' dir='ltr'>et</span> <span class='ocrx_word' id='word_1_98' title='bbox 302 2463 398 2550; x_wconf 88' lang='lat' dir='ltr'>quale</span> <span class='ocrx_word' id='word_1_99' title='bbox 425 2464 598 2529; x_wconf 90' lang='lat' dir='ltr'>consilium</span> <span class='ocrx_word' id='word_1_100' title='bbox 625 2474 754 2530; x_wconf 89' lang='lat' dir='ltr'>secutus</span> <span class='ocrx_word' id='word_1_101' title='bbox 782 2475 868 2530; x_wconf 87' lang='grc'><strong>11111</strong></span> <span class='ocrx_word' id='word_1_102' title='bbox 892 2469 929 2530; x_wconf 89' lang='grc'>’11</span> <span class='ocrx_word' id='word_1_103' title='bbox 957 2464 1037 2552; x_wconf 92' lang='lat' dir='ltr'>quid</span> <span class='ocrx_word' id='word_1_104' title='bbox 1064 2471 1232 2528; x_wconf 89' lang='lat' dir='ltr'>assecutus</span> 
     </span>
     <span class='ocr_line' id='line_1_18' title="bbox 124 2563 1233 2654; baseline 0 -26"><span class='ocrx_word' id='word_1_105' title='bbox 124 2587 196 2629; x_wconf 90' lang='lat' dir='ltr'>csse</span> <span class='ocrx_word' id='word_1_106' title='bbox 217 2565 385 2632; x_wconf 90' lang='lat' dir='ltr'>videretur</span> <span class='ocrx_word' id='word_1_107' title='bbox 404 2589 498 2631; x_wconf 89' lang='lat' dir='ltr'>nemo</span> <span class='ocrx_word' id='word_1_108' title='bbox 520 2566 636 2631; x_wconf 88' lang='lat' dir='ltr'>melius</span> <span class='ocrx_word' id='word_1_109' title='bbox 660 2576 692 2632; x_wconf 92' lang='lat' dir='ltr'>et</span> <span class='ocrx_word' id='word_1_110' title='bbox 714 2568 920 2654; x_wconf 87' lang='lat' dir='ltr'>explanatius</span> <span class='ocrx_word' id='word_1_111' title='bbox 931 2566 1070 2631; x_wconf 88' lang='lat' dir='ltr'>Lchrsio</span> <span class='ocrx_word' id='word_1_112' title='bbox 1092 2567 1127 2629; x_wconf 92' lang='lat' dir='ltr'>in</span> <span class='ocrx_word' id='word_1_113' title='bbox 1149 2563 1233 2628; x_wconf 89' lang='lat' dir='ltr'>libro</span> 
     </span>
     <span class='ocr_line' id='line_1_19' title="bbox 124 2665 1232 2757; baseline -0.002 -27"><span class='ocrx_word' id='word_1_114' title='bbox 124 2667 165 2731; x_wconf 89' lang='lat' dir='ltr'>de</span> <span class='ocrx_word' id='word_1_115' title='bbox 196 2667 381 2732; x_wconf 87' lang='lat' dir='ltr'>Aristarchi</span> <span class='ocrx_word' id='word_1_116' title='bbox 408 2669 524 2734; x_wconf 87' lang='lat' dir='ltr'>studiis</span> <span class='ocrx_word' id='word_1_117' title='bbox 557 2669 741 2734; x_wconf 90' lang='lat' dir='ltr'>Homericis</span> <span class='ocrx_word' id='word_1_118' title='bbox 775 2695 802 2734; x_wconf 92' lang='lat' dir='ltr'>c.</span> <span class='ocrx_word' id='word_1_119' title='bbox 837 2670 873 2734; x_wconf 90' lang='grc' dir='ltr'>ΙΙ</span> <span class='ocrx_word' id='word_1_120' title='bbox 901 2694 933 2757; x_wconf 87' lang='lat' dir='ltr'>p.</span> <span class='ocrx_word' id='word_1_121' title='bbox 969 2669 1103 2730; x_wconf 85' lang='lat'>18-31</span> <span class='ocrx_word' id='word_1_122' title='bbox 1137 2665 1232 2728; x_wconf 79' lang='lat' dir='ltr'>dixit.</span> 
     </span>
     <span class='ocr_line' id='line_1_20' title="bbox 124 2768 1234 2858; baseline -0.005 -26"><span class='ocrx_word' id='word_1_123' title='bbox 124 2769 252 2856; x_wconf 90' lang='lat' dir='ltr'>Operae</span> <span class='ocrx_word' id='word_1_124' title='bbox 273 2791 353 2834; x_wconf 91' lang='lat' dir='ltr'>vero</span> <span class='ocrx_word' id='word_1_125' title='bbox 375 2772 516 2858; x_wconf 88' lang='lat' dir='ltr'>pretium</span> <span class='ocrx_word' id='word_1_126' title='bbox 538 2793 590 2835; x_wconf 92' lang='lat' dir='ltr'>me</span> <span class='ocrx_word' id='word_1_127' title='bbox 612 2771 773 2837; x_wconf 87' lang='lat' dir='ltr'>facturum</span> <span class='ocrx_word' id='word_1_128' title='bbox 792 2794 864 2836; x_wconf 89' lang='grc'><strong>1111</strong></span> <span class='ocrx_word' id='word_1_129' title='bbox 880 2769 1022 2857; x_wconf 88' lang='lat' dir='ltr'>speravi,</span> <span class='ocrx_word' id='word_1_130' title='bbox 1044 2768 1073 2831; x_wconf 89' lang='grc'>11</span> <span class='ocrx_word' id='word_1_131' title='bbox 1093 2787 1159 2830; x_wconf 91' lang='lat' dir='ltr'>non</span> <span class='ocrx_word' id='word_1_132' title='bbox 1182 2787 1234 2828; x_wconf 90' lang='lat' dir='ltr'>ac-</span> 
     </span>
    </p>
   </div>
   <div class='ocr_carea' id='block_1_7' title="bbox 124 2867 1353 2958">
    <p class='ocr_par' dir='ltr' id='par_1_11' title="bbox 124 2867 1353 2958">
     <span class='ocr_line' id='line_1_21' title="bbox 124 2867 1353 2958; baseline -0.004 -24"><span class='ocrx_word' id='word_1_133' title='bbox 124 2872 325 2956; x_wconf 89' lang='lat' dir='ltr'>quiescerem</span> <span class='ocrx_word' id='word_1_134' title='bbox 349 2872 384 2934; x_wconf 92' lang='lat' dir='ltr'>in</span> <span class='ocrx_word' id='word_1_135' title='bbox 410 2873 604 2958; x_wconf 88' lang='lat' dir='ltr'>apponendo</span> <span class='ocrx_word' id='word_1_136' title='bbox 633 2871 742 2936; x_wconf 90' lang='lat' dir='ltr'>indice</span> <span class='ocrx_word' id='word_1_137' title='bbox 770 2871 827 2938; x_wconf 94' lang='lat' dir='ltr'>illo</span> <span class='ocrx_word' id='word_1_138' title='bbox 851 2869 989 2957; x_wconf 87' lang='lat' dir='ltr'>singulis</span> <span class='ocrx_word' id='word_1_139' title='bbox 1016 2867 1177 2954; x_wconf 90' lang='lat' dir='ltr'>rapsodiis</span> <span class='ocrx_word' id='word_1_140' title='bbox 1200 2868 1235 2930; x_wconf 89' lang='lat' dir='ltr'>in</span> <span class='ocrx_word' id='word_1_141' title='bbox 1352 2919 1353 2923; x_wconf 61' lang='grc'><strong>,</strong></span> 
     </span>
    </p>
   </div>
   <div class='ocr_carea' id='block_1_8' title="bbox 124 2967 1249 4270">
    <p class='ocr_par' dir='ltr' id='par_1_12' title="bbox 124 2967 1249 4270">
     <span class='ocr_line' id='line_1_22' title="bbox 124 2967 1235 3060; baseline -0.003 -26"><span class='ocrx_word' id='word_1_142' title='bbox 124 2971 336 3038; x_wconf 79' lang='lat' dir='ltr'>cod..Venct.</span> <span class='ocrx_word' id='word_1_143' title='bbox 359 2972 390 3036; x_wconf 94' lang='lat' dir='ltr'>A</span> <span class='ocrx_word' id='word_1_144' title='bbox 419 2974 602 3060; x_wconf 91' lang='lat' dir='ltr'>subscripto</span> <span class='ocrx_word' id='word_1_145' title='bbox 630 2970 827 3054; x_wconf 79' lang='grc' dir='ltr'><strong><em>παράκειται</em></strong></span> <span class='ocrx_word' id='word_1_146' title='bbox 859 2968 899 3037; x_wconf 77' lang='grc' dir='ltr'>τὰ</span> <span class='ocrx_word' id='word_1_147' title='bbox 918 2967 1149 3056; x_wconf 77' lang='grc' dir='ltr'><strong><em>Ἀριστονίκου</em></strong></span> <span class='ocrx_word' id='word_1_148' title='bbox 1173 2986 1235 3050; x_wconf 84' lang='grc' dir='ltr'>ση-</span> 
     </span>
     <span class='ocr_line' id='line_1_23' title="bbox 126 3065 1232 3159; baseline -0.003 -25"><span class='ocrx_word' id='word_1_149' title='bbox 126 3081 200 3154; x_wconf 77' lang='lat' dir='ltr'>peta</span> <span class='ocrx_word' id='word_1_150' title='bbox 227 3071 282 3135; x_wconf 81' lang='grc' dir='ltr'>καὶ</span> <span class='ocrx_word' id='word_1_151' title='bbox 317 3067 356 3136; x_wconf 83' lang='grc' dir='ltr'>τὰ</span> <span class='ocrx_word' id='word_1_152' title='bbox 385 3070 543 3157; x_wconf 84' lang='grc' dir='ltr'><strong><em>Διδύμου</em></strong></span> <span class='ocrx_word' id='word_1_153' title='bbox 571 3073 647 3157; x_wconf 79' lang='grc' dir='ltr'><strong><em>περὶ</em></strong></span> <span class='ocrx_word' id='word_1_154' title='bbox 676 3079 734 3159; x_wconf 79' lang='grc' dir='ltr'>τῆς</span> <span class='ocrx_word' id='word_1_155' title='bbox 760 3069 977 3157; x_wconf 79' lang='grc' dir='ltr'><strong><em>Ἀριστάρχου</em></strong></span> <span class='ocrx_word' id='word_1_156' title='bbox 1003 3065 1232 3156; x_wconf 77' lang='grc' dir='ltr'><strong><em>διορθώσεως,</em></strong></span> 
     </span>
     <span class='ocr_line' id='line_1_24' title="bbox 126 3167 1234 3262; baseline -0.003 -26"><span class='ocrx_word' id='word_1_157' title='bbox 126 3170 200 3237; x_wconf 81' lang='grc' dir='ltr'><strong><em>τινὰ</em></strong></span> <span class='ocrx_word' id='word_1_158' title='bbox 228 3169 264 3237; x_wconf 73' lang='grc' dir='ltr'>δὲ</span> <span class='ocrx_word' id='word_1_159' title='bbox 286 3172 341 3237; x_wconf 81' lang='grc' dir='ltr'>καὶ</span> <span class='ocrx_word' id='word_1_160' title='bbox 365 3174 401 3238; x_wconf 83' lang='grc' dir='ltr'>ἐκ</span> <span class='ocrx_word' id='word_1_161' title='bbox 430 3178 487 3258; x_wconf 80' lang='grc' dir='ltr'>τῆς</span> <span class='ocrx_word' id='word_1_162' title='bbox 505 3168 645 3258; x_wconf 66' lang='grc' dir='ltr'><strong><em>Ἰλιακοῖς</em></strong></span> <span class='ocrx_word' id='word_1_163' title='bbox 666 3176 856 3262; x_wconf 77' lang='grc' dir='ltr'><strong><em>προσῳδίας</em></strong></span> <span class='ocrx_word' id='word_1_164' title='bbox 878 3167 1092 3258; x_wconf 78' lang='grc' dir='ltr'><strong><em>Ἡρῳδιαυοῦ</em></strong></span> <span class='ocrx_word' id='word_1_165' title='bbox 1117 3169 1172 3235; x_wconf 75' lang='grc' dir='ltr'>καὶ</span> <span class='ocrx_word' id='word_1_166' title='bbox 1197 3171 1234 3234; x_wconf 81' lang='grc' dir='ltr'>ἐκ</span> 
     </span>
     <span class='ocr_line' id='line_1_25' title="bbox 125 3265 1233 3360; baseline -0.005 -22"><span class='ocrx_word' id='word_1_167' title='bbox 125 3277 194 3338; x_wconf 70' lang='grc' dir='ltr'>τῶν</span> <span class='ocrx_word' id='word_1_168' title='bbox 216 3273 409 3356; x_wconf 84' lang='grc' dir='ltr'><strong><em>Νικάνορος</em></strong></span> <span class='ocrx_word' id='word_1_169' title='bbox 432 3276 508 3358; x_wconf 77' lang='grc' dir='ltr'><strong><em>περὶ</em></strong></span> <span class='ocrx_word' id='word_1_170' title='bbox 530 3279 685 3359; x_wconf 81' lang='grc' dir='ltr'>στιγμῆς,</span> <span class='ocrx_word' id='word_1_171' title='bbox 713 3265 1054 3360; x_wconf 89' lang='lat' dir='ltr'>transscribendisque</span> <span class='ocrx_word' id='word_1_172' title='bbox 1074 3271 1233 3358; x_wconf 90' lang='lat' dir='ltr'>pauculis,</span> 
     </span>
     <span class='ocr_line' id='line_1_26' title="bbox 126 3371 1234 3465; baseline -0.005 -26"><span class='ocrx_word' id='word_1_173' title='bbox 126 3398 209 3461; x_wconf 84' lang='lat' dir='ltr'>quae</span> <span class='ocrx_word' id='word_1_174' title='bbox 234 3375 370 3463; x_wconf 86' lang='lat' dir='ltr'>Didymi</span> <span class='ocrx_word' id='word_1_175' title='bbox 403 3378 534 3441; x_wconf 88' lang='lat' dir='ltr'>nomine</span> <span class='ocrx_word' id='word_1_176' title='bbox 567 3377 753 3465; x_wconf 88' lang='lat' dir='ltr'>splendent,</span> <span class='ocrx_word' id='word_1_177' title='bbox 787 3377 983 3442; x_wconf 90' lang='lat' dir='ltr'>scholiorum</span> <span class='ocrx_word' id='word_1_178' title='bbox 1005 3371 1234 3458; x_wconf 82' lang='lat' dir='ltr'>fragminibus,</span> 
     </span>
     <span class='ocr_line' id='line_1_27' title="bbox 127 3472 1235 3564; baseline -0.005 -24"><span class='ocrx_word' id='word_1_179' title='bbox 127 3477 185 3540; x_wconf 91' lang='lat' dir='ltr'>sed</span> <span class='ocrx_word' id='word_1_180' title='bbox 207 3479 250 3559; x_wconf 87' lang='lat' dir='ltr'>si,</span> <span class='ocrx_word' id='word_1_181' title='bbox 273 3476 359 3563; x_wconf 92' lang='lat' dir='ltr'>quod</span> <span class='ocrx_word' id='word_1_182' title='bbox 380 3477 414 3541; x_wconf 94' lang='lat' dir='ltr'>in</span> <span class='ocrx_word' id='word_1_183' title='bbox 425 3477 608 3543; x_wconf 91' lang='lat' dir='ltr'>Herodiani</span> <span class='ocrx_word' id='word_1_184' title='bbox 629 3479 784 3564; x_wconf 87' lang='lat' dir='ltr'>prosodia</span> <span class='ocrx_word' id='word_1_185' title='bbox 800 3476 904 3541; x_wconf 90' lang='lat' dir='ltr'>Iliaca</span> <span class='ocrx_word' id='word_1_186' title='bbox 922 3472 1235 3541; x_wconf 89' lang='lat' dir='ltr'>restituendaLchr·</span> 
     </span>
     <span class='ocr_line' id='line_1_28' title="bbox 126 3574 1235 3660; baseline -0.004 -21"><span class='ocrx_word' id='word_1_187' title='bbox 126 3577 210 3660; x_wconf 90' lang='lat' dir='ltr'>sius,</span> <span class='ocrx_word' id='word_1_188' title='bbox 234 3578 268 3641; x_wconf 91' lang='lat' dir='ltr'>in</span> <span class='ocrx_word' id='word_1_189' title='bbox 288 3576 452 3644; x_wconf 87' lang='lat' dir='ltr'>Nicanore</span> <span class='ocrx_word' id='word_1_190' title='bbox 474 3588 506 3642; x_wconf 91' lang='lat' dir='ltr'>ct</span> <span class='ocrx_word' id='word_1_191' title='bbox 526 3581 714 3644; x_wconf 92' lang='lat' dir='ltr'>Aristonico</span> <span class='ocrx_word' id='word_1_192' title='bbox 740 3579 841 3643; x_wconf 91' lang='lat' dir='ltr'>unitis</span> <span class='ocrx_word' id='word_1_193' title='bbox 866 3579 993 3643; x_wconf 86' lang='lat' dir='ltr'>viribus</span> <span class='ocrx_word' id='word_1_194' title='bbox 1017 3574 1175 3638; x_wconf 89' lang='lat' dir='ltr'>Lchrsius</span> <span class='ocrx_word' id='word_1_195' title='bbox 1203 3580 1235 3636; x_wconf 90' lang='lat' dir='ltr'>et</span> 
     </span>
     <span class='ocr_line' id='line_1_29' title="bbox 125 3670 1234 3766; baseline -0.004 -27"><span class='ocrx_word' id='word_1_196' title='bbox 125 3676 165 3740; x_wconf 92' lang='lat' dir='ltr'>L.</span> <span class='ocrx_word' id='word_1_197' title='bbox 188 3670 461 3743; x_wconf 77' lang='lat' dir='ltr'>Friedlae&#39;nderus</span> <span class='ocrx_word' id='word_1_198' title='bbox 480 3681 729 3766; x_wconf 89' lang='lat' dir='ltr'>praestiterunt,</span> <span class='ocrx_word' id='word_1_199' title='bbox 751 3679 827 3744; x_wconf 92' lang='lat' dir='ltr'>huic</span> <span class='ocrx_word' id='word_1_200' title='bbox 850 3701 911 3764; x_wconf 84' lang='lat' dir='ltr'>ego</span> <span class='ocrx_word' id='word_1_201' title='bbox 932 3678 1038 3742; x_wconf 91' lang='lat' dir='ltr'>simile</span> <span class='ocrx_word' id='word_1_202' title='bbox 1061 3673 1234 3759; x_wconf 85' lang='lat' dir='ltr'>quoddam,</span> 
     </span>
     <span class='ocr_line' id='line_1_30' title="bbox 126 3767 1249 3867; baseline -0.006 -27"><span class='ocrx_word' id='word_1_203' title='bbox 126 3780 160 3840; x_wconf 93' lang='lat' dir='ltr'>in</span> <span class='ocrx_word' id='word_1_204' title='bbox 179 3786 335 3864; x_wconf 92' lang='lat' dir='ltr'>quantum</span> <span class='ocrx_word' id='word_1_205' title='bbox 349 3788 474 3864; x_wconf 88' lang='lat' dir='ltr'>posset,</span> <span class='ocrx_word' id='word_1_206' title='bbox 497 3780 539 3844; x_wconf 92' lang='lat' dir='ltr'>ad</span> <span class='ocrx_word' id='word_1_207' title='bbox 558 3782 794 3846; x_wconf 89' lang='lat' dir='ltr'>restituendum</span> <span class='ocrx_word' id='word_1_208' title='bbox 812 3781 950 3867; x_wconf 88' lang='lat' dir='ltr'>Didymi</span> <span class='ocrx_word' id='word_1_209' title='bbox 971 3778 1091 3842; x_wconf 90' lang='lat' dir='ltr'>librum</span> <span class='ocrx_word' id='word_1_210' title='bbox 1107 3767 1249 3836; x_wconf 59' lang='lat' dir='ltr'>confer?</span> 
     </span>
     <span class='ocr_line' id='line_1_31' title="bbox 126 3879 1235 3962; baseline -0.008 -20"><span class='ocrx_word' id='word_1_211' title='bbox 126 3901 209 3962; x_wconf 89' lang='lat' dir='ltr'>rem,</span> <span class='ocrx_word' id='word_1_212' title='bbox 239 3881 272 3942; x_wconf 92' lang='lat' dir='ltr'>in</span> <span class='ocrx_word' id='word_1_213' title='bbox 297 3902 335 3945; x_wconf 90' lang='lat' dir='ltr'>co</span> <span class='ocrx_word' id='word_1_214' title='bbox 366 3881 463 3944; x_wconf 89' lang='lat' dir='ltr'>etiam</span> <span class='ocrx_word' id='word_1_215' title='bbox 486 3879 573 3945; x_wconf 91' lang='lat' dir='ltr'>ultra</span> <span class='ocrx_word' id='word_1_216' title='bbox 597 3881 827 3946; x_wconf 88' lang='lat' dir='ltr'>subtilissimos</span> <span class='ocrx_word' id='word_1_217' title='bbox 849 3880 922 3945; x_wconf 91' lang='lat' dir='ltr'>illos</span> <span class='ocrx_word' id='word_1_218' title='bbox 952 3881 1140 3945; x_wconf 85' lang='lat' dir='ltr'>decessores</span> <span class='ocrx_word' id='word_1_219' title='bbox 1161 3892 1235 3958; x_wconf 89' lang='lat' dir='ltr'>pro·</span> 
     </span>
     <span class='ocr_line' id='line_1_32' title="bbox 125 3974 1235 4068; baseline -0.006 -26"><span class='ocrx_word' id='word_1_220' title='bbox 125 4000 273 4062; x_wconf 82' lang='lat' dir='ltr'>gressus,</span> <span class='ocrx_word' id='word_1_221' title='bbox 309 3979 395 4066; x_wconf 92' lang='lat' dir='ltr'>quod</span> <span class='ocrx_word' id='word_1_222' title='bbox 423 4003 441 4044; x_wconf 92' lang='lat' dir='ltr'>e</span> <span class='ocrx_word' id='word_1_223' title='bbox 469 3981 601 4046; x_wconf 86' lang='lat' dir='ltr'>scholiis</span> <span class='ocrx_word' id='word_1_224' title='bbox 632 4003 759 4067; x_wconf 92' lang='lat' dir='ltr'>quoque</span> <span class='ocrx_word' id='word_1_225' title='bbox 784 3982 826 4046; x_wconf 92' lang='lat' dir='ltr'>ad</span> <span class='ocrx_word' id='word_1_226' title='bbox 854 3981 1038 4068; x_wconf 91' lang='lat' dir='ltr'>Odysseam</span> <span class='ocrx_word' id='word_1_227' title='bbox 1063 3974 1235 4054; x_wconf 86' lang='lat' dir='ltr'>contextis,</span> 
     </span>
     <span class='ocr_line' id='line_1_33' title="bbox 126 4063 1237 4169; baseline -0.006 -27"><span class='ocrx_word' id='word_1_228' title='bbox 126 4079 300 4165; x_wconf 90' lang='lat' dir='ltr'>inquibus</span> <span class='ocrx_word' id='word_1_229' title='bbox 326 4089 463 4165; x_wconf 92' lang='lat' dir='ltr'>quatuor</span> <span class='ocrx_word' id='word_1_230' title='bbox 484 4083 677 4169; x_wconf 89' lang='lat' dir='ltr'>scriptorum</span> <span class='ocrx_word' id='word_1_231' title='bbox 696 4063 855 4167; x_wconf 71' lang='lat' dir='ltr'>⁸vestigia,</span> <span class='ocrx_word' id='word_1_232' title='bbox 886 4099 1088 4168; x_wconf 89' lang='lat' dir='ltr'>quocumque</span> <span class='ocrx_word' id='word_1_233' title='bbox 1119 4074 1237 4160; x_wconf 88' lang='lat' dir='ltr'>pedem</span> 
     </span>
     <span class='ocr_line' id='line_1_34' title="bbox 125 4174 1237 4270; baseline -0.003 -26"><span class='ocrx_word' id='word_1_234' title='bbox 125 4201 297 4265; x_wconf 91' lang='lat' dir='ltr'>ponerem,</span> <span class='ocrx_word' id='word_1_235' title='bbox 325 4181 424 4245; x_wconf 91' lang='lat' dir='ltr'>obvia</span> <span class='ocrx_word' id='word_1_236' title='bbox 451 4182 729 4268; x_wconf 87' lang='lat' dir='ltr'>deprehenderem</span> <span class='ocrx_word' id='word_1_237' title='bbox 757 4183 887 4270; x_wconf 87' lang='lat' dir='ltr'>(Lchrs.</span> <span class='ocrx_word' id='word_1_238' title='bbox 915 4204 947 4267; x_wconf 91' lang='lat' dir='ltr'>p.</span> <span class='ocrx_word' id='word_1_239' title='bbox 975 4181 1015 4242; x_wconf 83' lang='lat'>35</span> <span class='ocrx_word' id='word_1_240' title='bbox 1038 4177 1103 4261; x_wconf 80' lang='grc'><strong>1.),</strong></span> <span class='ocrx_word' id='word_1_241' title='bbox 1132 4174 1237 4260; x_wconf 87' lang='lat' dir='ltr'>Didy-</span> 
     </span>
    </p>
   </div>
   <div class='ocr_carea' id='block_1_9' title="bbox 125 4276 1237 4438">
    <p class='ocr_par' dir='ltr' id='par_1_13' title="bbox 125 4276 1237 4438">
     <span class='ocr_line' id='line_1_35' title="bbox 125 4276 1237 4438; baseline -0.004 -94"><span class='ocrx_word' id='word_1_242' title='bbox 125 4301 198 4344; x_wconf 89' lang='lat' dir='ltr'>mea</span> <span class='ocrx_word' id='word_1_243' title='bbox 218 4280 409 4365; x_wconf 89' lang='lat' dir='ltr'>protrahere</span> <span class='ocrx_word' id='word_1_244' title='bbox 430 4283 609 4364; x_wconf 90' lang='lat' dir='ltr'>studerem,</span> <span class='ocrx_word' id='word_1_245' title='bbox 630 4285 802 4369; x_wconf 86' lang='lat' dir='ltr'>protractis</span> <span class='ocrx_word' id='word_1_246' title='bbox 826 4291 934 4345; x_wconf 87' lang='lat' dir='ltr'>tamen</span> <span class='ocrx_word' id='word_1_247' title='bbox 956 4277 1063 4438; x_wconf 66' lang='lat' dir='ltr'>lpppm</span> <span class='ocrx_word' id='word_1_248' title='bbox 1082 4284 1157 4364; x_wconf 91' lang='lat' dir='ltr'>post</span> <span class='ocrx_word' id='word_1_249' title='bbox 1178 4276 1237 4361; x_wconf 90' lang='lat' dir='ltr'>hy·</span> 
     </span>
    </p>
   </div>
   <div class='ocr_carea' id='block_1_10' title="bbox 0 0 1460 4890">
    <p class='ocr_par' dir='ltr' id='par_1_14' title="bbox 0 0 1460 4890">
     <span class='ocr_line' id='line_1_36' title="bbox 0 0 1460 4890; baseline 0 0"><span class='ocrx_word' id='word_1_250' title='bbox 0 0 1460 4890; x_wconf 95' lang='lat' dir='ltr'> </span> 
     </span>
    </p>
   </div>
  </div>
 </body>
</html>
