2812 4868
1160 355 1200 415 67

89 516 311 598 ἑκατέρωθεν,
334 510 447 600 ὥσπερ
471 509 491 599 ἡ
513 511 755 599 σιιολόιτενδρα.
800 520 908 582 Τούτο
931 516 967 581 δὲ
984 511 1200 600 Θεόφραστος

84 617 127 681 -ἐν
151 621 192 703 τῇ
216 611 300 696 πρὸς
320 621 451 682 Φανίαν
471 618 628 703 ἐπιστολῇ
650 617 705 682 καὶ
727 611 811 682 ὅνον
827 621 1005 684 καλεῖσθαί
1017 633 1134 701 φησιν,
1153 611 1199 693 cis

89 716 179 801 παρὰ
211 723 383 801 Σοφοκλεῖ
414 719 451 783 ἐν
486 723 623 801 Κωφοίς
656 717 828 802 σατύροις·
868 717 1053 794 Κυλισθεῑς
1085 712 1198 799 ύσιτερ

89 821 218 909 (scholl.
244 821 317 886 edd.
341 817 387 898 aig
411 821 474 908 τις)
503 815 582 897 ὄνος
601 817 763 912 ίσότιριος.
808 820 922 906 Itaque
943 819 1123 903 Didymum
1143 839 1198 904 pa

89 931 214 988 rentem
225 926 359 1007 agnosci
371 945 431 1008 par
442 932 492 988 est
503 943 623 1004 eorum,
635 944 717 1008 quae
728 924 879 1006 leguntur
896 922 983 1008 apud
996 919 1199 1005 Hesychium

77 1018 251 1099 Ἴονλος·
285 1024 321 1088 αί
343 1028 473 1105 πρῶται
500 1028 569 1089 τῶν
594 1026 718 1107 τριχῶν
740 1020 898 1105 ἐκφύσεις
926 1015 1004 1106 (ἀπὸ
1028 1023 1090 1084 τού
1113 1020 1197 1086 ίίναι

88 1120 191 1201 αύτίις
213 1121 340 1208 ούλας),
375 1131 485 1191 ίουλοι
518 1124 632 1191 δὲκαὶ
662 1115 759 1190 ούλοι
787 1125 824 1189 αἱ
848 1123 886 1188 ἐκ
911 1126 979 1188 τῶν
997 1120 1198 1206 δραγμάτων

88 1225 317 1310 σνναγόμεναι
339 1227 466 1310 δέσμαι.
490 1227 545 1294 καί
566 1229 653 1304 {nior
675 1221 864 1309 πολύπουν,
887 1219 970 1308 ύιτερ
993 1219 1087 1310 ἡμεῖς
1100 1223 1197 1307 λέγο-

86 1349 147 1410 μεν
174 1322 268 1392 ὄνον.
323 1328 420 1405 Τινὲς
440 1327 478 1394 δὲ
509 1329 564 1393 καί
589 1323 649 1392 τδν
677 1324 730 1392 ἐπὶ
758 1337 828 1404 ταῖς
855 1321 987 1412 ὑδρίαις
1012 1324 1197 1410 γενόμενον

86 1423 168 1492 ὄνον
197 1428 374 1494 πολύποδα
400 1430 455 1495 καί
484 1427 761 1514 συστρεφόμενον
787 1434 905 1494 ἴουλον
934 1429 1102 1514 λέγουσιν.
1147 1431 1196 1496 Si·

86 1530 176 1593 milia
195 1530 317 1596 hahent
336 1531 430 1598 Phot.
453 1532 519 1598 lex.
545 1534 614 1615 199,
637 1538 655 1596 4
679 1541 721 1596 et.
743 1554 785 1595 m.
807 1534 879 1616 472,
903 1531 1119 1598 acolitum.
1142 1553 1194 1618 ap.

87 1640 126 1694 et.
140 1654 184 1694 m.
205 1635 274 1714 111,
287 1637 305 1695 9
328 1634 428 1699 schol.
444 1634 487 1698 ad
498 1634 578 1697 Hes.
602 1655 676 1719 opp.
689 1633 751 1695 522
765 1631 814 1695 ed.
828 1632 935 1697 Gaisf.
949 1635 991 1698 cf.
1006 1633 1106 1698 Arist.
1120 1632 1151 1696 h.
1163 1654 1193 1697 a.

84 1732 164 1796 IV6
188 1732 309 1798 Athen.
329 1758 361 1821 p.
377 1733 438 1800 304
452 1736 482 1798 F.
502 1734 601 1799 305A
618 1734 701 1797 XIV
722 1755 754 1819 p.
774 1736 835 1797 618
848 1734 880 1796 D
904 1734 1004 1800 schol.
1020 1735 1063 1798 ad
1074 1734 1193 1798 Aesch.
1249 1742 1252 1750 '

86 1837 136 1897 97.
167 1834 320 1900 Eustath.
344 1861 376 1924 p.
403 1839 499 1919 1162,
520 1840 571 1900 39.
591 1873 634 1886 -
657 1836 739 1900 Cum
766 1835 982 1900 Eratosthene
1008 1855 1060 1920 ap.
1083 1833 1193 1898 Tacta.

87 1934 170 2009 Chil.
191 1936 280 1999 XIII
304 1941 365 2002 563
385 1945 417 2002 ct
435 1938 535 2003 schol.
558 1923 601 2002 ad
619 1940 699 2004 Eur.
723 1937 800 2006 Tro.
818 1940 897 2000 1165
920 1961 952 2023 p.
979 1940 1019 2000 29
1041 1936 1193 2020 Kampm.

86 2037 125 2100 de
146 2061 180 2102 v.
205 2045 327 2122 κῆπος·
351 2042 476 2121 κουρᾶς
499 2034 587 2116 εἶδος
608 2038 680 2123 uri,
707 2059 790 2125 quae
812 2060 876 2101 non
899 2039 1012 2103 dubito
1034 2039 1114 2126 quin
1136 2059 1194 2124 per

85 2139 267 2226 Didymum
294 2140 336 2204 ad
364 2163 424 2206 nos
451 2141 674 2226 pervenerint,
702 2138 787 2204 conf.
806 2137 951 2226 Hesych.
981 2163 1006 2204 s.
1028 2164 1060 2205 v.
1088 2144 1193 2221 κῆτος

86 2241 277 2306 Schneider.
300 2242 365 2308 lex.
389 2242 448 2319 Gr,
467 2243 503 2306 II
526 2266 558 2330 p.
576 2247 617 2307 47
645 2240 799 2326 μάχαιρα.
844 2240 992 2327 Respicit
1013 2242 1193 2326 lexicogra-

83 2342 167 2427 phus
192 2343 236 2406 ad
257 2343 360 2416 Arist.
382 2345 466 2409 Ach.
486 2347 547 2410 849
565 2344 654 2409 Avv.
677 2346 750 2407 897.
815 2399 820 2410 .

167 2443 260 2508 Nihil
286 2454 410 2510 eontra.
431 2447 474 2510 ad
502 2454 630 2510 nostras
660 2445 865 2529 quaestiones
894 2445 1049 2530 pertinet,
1082 2465 1192 2532 quam·

84 2567 181 2631 quam
204 2546 342 2632 Didymi
365 2555 397 2610 et
413 2546 639 2611 Eratosthenis
660 2546 850 2608 memoriam
872 2547 1025 2610 sociatam
1048 2544 1192 2626 exhibet,

33 2667 35 2670 ·
85 2645 195 2733 steph.
210 2647 291 2733 Byn.
312 2651 415 2731 32,17
433 2650 585 2731 Δίδυμος
605 2641 642 2712 δὲ
665 2649 884 2727 παρατίθεται
906 2650 1026 2730 χρῆσιν
1048 2646 1081 2722 ἐξ
1096 2640 1191 2728 Ἐρα-
1252 2695 1256 2702 ι

84 2742 538 2834 τοσθίνουςἏλεξανδρίτης,
558 2748 646 2834 quod
666 2747 709 2812 ad
730 2748 769 2811 Ε.
795 2748 1028 2834 geographiam
1048 2747 1191 2816 referen-

84 2850 159 2914 dum
177 2851 317 2916 videtur.
346 2852 517 2917 Ibidemne
536 2873 578 2916 an
595 2851 629 2914 in
644 2850 708 2914 alio
723 2850 762 2912 Ε.
782 2872 879 2935 opere
895 2851 1089 2932 exstiterint,
1108 2870 1191 2937 quae

82 2951 223 3016 Pausan.
253 2975 305 3039 ap.
334 2952 485 3022 Eustath.
513 2952 553 3016 Il.
582 2951 610 3014 B
636 2974 669 3036 p.
693 2953 771 3033 302,
794 2952 833 3014 27
862 2951 902 3015 de
927 2946 1050 3033 φελλός
1074 2947 1192 3036 Ἀρκύς

82 3054 228 3117 eiusdem
253 3055 437 3118 testimonio
464 3055 583 3136 munit,
609 3054 770 3116 incertum
795 3060 914 3116 manet.
959 3052 1073 3141 Neque
1098 3053 1191 3140 quid-

82 3177 178 3240 quam
211 3156 254 3219 ad
284 3154 385 3219 libros
418 3155 459 3220 de
486 3155 654 3220 comoedia
680 3153 760 3218 facit
778 3154 1002 3240 ,fragmentum
1030 3155 1192 3240 Cyrenaei

81 3278 194 3320 reeens
218 3279 261 3320 ex
281 3255 463 3321 Herodiani
485 3257 562 3322 dict.
589 3256 649 3321 sol.
669 3279 701 3342 p.
727 3259 786 3320 102
805 3280 825 3321 a
842 3258 980 3322 Lehrsio
1001 3264 1128 3337 erutum
1149 3254 1190 3324 de
1257 3328 1260 3334 ¹

82 3358 193 3422 Araxe
214 3357 330 3439 fluvio,
356 3357 518 3448 siquidem
547 3381 612 3422 non
640 3359 790 3442 sagacius
811 3381 908 3444 quam
929 3360 1040 3423 verius
1063 3357 1117 3422 hie
1138 3357 1191 3420 vir

83 3459 197 3524 doctus
217 3482 260 3524 ex
281 3460 441 3546 corruptis
464 3459 616 3524 ductibus
633 3459 854 3543 παρατιθέναι
877 3461 988 3526 elicuit
1006 3451 1084 3541 παρ’
1096 3451 1190 3540 Ἐρα-

80 3563 246 3627 τοσθίνει.
288 3561 398 3646 Atque
420 3560 501 3626 haee
521 3560 689 3626 hactenus.

167 3663 202 3728 Si
218 3685 299 3750 quas
314 3663 415 3747 igitur
432 3663 678 3728 ohservationes
697 3661 785 3727 haud
799 3664 931 3728 inutiles
948 3661 1072 3728 salubri
1087 3661 1189 3727 sobrii

82 3765 194 3829 iudicii
221 3787 302 3829 aura
329 3767 431 3848 vecti,
461 3786 526 3828 non
546 3764 725 3851 praecipite
747 3764 887 3855 quodam
908 3760 1104 3830 eoniieiendi
1124 3771 1188 3836 tur·

81 3865 155 3930 bine
178 3866 259 3948 acti,
286 3869 379 3952 quasi
401 3867 561 3952 quaedam
584 3865 722 3950 Didymi
742 3864 829 3929 bona
850 3875 1015 3952 tamquam
1037 3888 1055 3929 e
1076 3886 1190 3950 scopu-

80 3964 148 4032 loso
169 3967 474 4054 lexicographorum
494 3968 610 4054 pelago
633 3975 798 4052 reportata
816 3968 850 4030 in
869 3967 963 4032 litore
977 3966 1189 4056 reposuimus,

79 4067 184 4152 placet
206 4089 262 4130 eas
285 4068 319 4131 in
342 4067 403 4134 hoc
421 4069 649 4154 disputationis
670 4070 764 4155 quasi
782 4078 878 4155 portu
897 4068 1063 4134 literarum
1082 4063 1190 4130 ordini

78 4169 250 4233 adstrictas
278 4171 471 4255 constipare.
516 4169 610 4254 (Sigl.
639 4170 668 4232 Ε
696 4172 829 4235 denotat
854 4168 1121 4244 Eratosthenem,
1148 4163 1188 4238 L·

78 4268 339 4356 Lycophronem,
360 4271 405 4346 D.
426 4269 634 4356 Didymum.)
1021 4347 1023 4350 ,

935 4365 982 4428 5*
