2894 4890
203 369 264 430 220

197 531 405 620 Ἡρακλείων
427 534 510 616 φησί
538 529 662 616 χαλκὸν
690 532 727 599 τὸ
750 517 860 600 ἆθλον
892 530 976 599 εἶναι
1004 547 1073 612 τοῖς
1099 534 1137 600 ἐν
1157 528 1316 623 Ἀρκαδίᾳ

202 639 380 719 Λυκαίοις,
407 630 492 700 ὥστε
521 629 586 700 ἀπὸ
612 640 731 701 κοινοῦ
755 633 795 702 τὰ
824 639 905 721 ἔργα
933 636 988 701 καὶ
1014 635 1074 701 τὸν
1102 633 1227 720 χαλκὸν
1254 644 1316 720 λη-

203 739 314 820 πτέον,
330 731 386 802 ὅτε
405 735 509 821 φησὶν
531 730 549 802 ὁ
575 739 762 821 Πίνδαρος·
795 735 814 804 ὅ
836 733 867 802 τ’
893 738 930 804 ἐν
943 732 1058 823 Ἀργει
1080 733 1201 821 χαλκὸς
1227 739 1315 821 ἔγνω

202 865 271 925 μιν,
293 836 333 904 τά
356 861 391 903 τε
414 838 451 903 ἐν
468 832 625 925 Ἀρκαδία
647 841 728 923 ἔργα
751 835 887 925 Θήβαις.
934 842 1064 905 δίδοται
1085 837 1149 926 γὰρ
1171 840 1209 905 ἐν
1231 839 1327 906 ταύ-·

202 965 272 1019 ταις
292 943 431 1026 τρίπους
452 943 605 1022 χαλκοῦς.
650 940 777 1006 Πολλοί
804 939 839 1006 δ’
858 937 999 1025 ἄγονται
1023 937 1152 1026 ἀγῶνες
1175 941 1211 1007 ἐν
1230 937 1310 1028 Ἀρ-

202 1045 302 1129 καδίᾳ
335 1039 468 1106 Λύκαια
494 1037 620 1125 Κόρεια
639 1036 769 1108 Ἀλεαῖα
786 1037 944 1127 Ἕρμαια·
980 1043 1018 1108 ἐν
1052 1043 1088 1108 δὲ
1111 1041 1239 1128 Θήβαις
1261 1040 1304 1110 τὰ

155 1177 158 1184 v
196 1139 385 1227 Ἡράκλεια,
407 1137 447 1207 τὰ
462 1139 499 1208 δὲ
520 1137 605 1208 αὐτὰ
626 1143 681 1208 καὶ
699 1139 836 1209 Ἰολάεια
860 1151 1022 1210 καλεῖται·
1061 1145 1099 1210 ἐν
1117 1142 1313 1232 δλΒοιωτίμ

200 1247 237 1310 ἐν
261 1242 323 1328 μὲν
343 1249 519 1321 Θεστιειαίς
538 1240 693 1328 Ἐρώτια,
724 1245 762 1310 ἐν
791 1245 828 1311 δὲ
850 1257 921 1323 ταῖς
941 1247 1123 1323 Πλαταιαῖς
1141 1241 1182 1310 τὰ
1201 1241 1314 1311 Ἐλεν-
1371 1237 1372 1240 ¹

199 1347 310 1431 δέρια.
354 1349 460 1410 ταῦτα
478 1340 715 1428 Ἀριστόνικος.
761 1341 779 1411 ὁ
809 1345 845 1412 δὲ
866 1345 1055 1431 Δίδυμός
1078 1364 1161 1431 φησι
1191 1350 1314 1434 (προσ-

200 1448 354 1534 τίθησιῗ)
382 1448 437 1511 καλ
461 1442 662 1531 Ἀμφιαράια
694 1449 731 1514 ἐν
750 1442 892 1537 Ὠρωπῷ
914 1450 970 1514 καὶ
986 1446 1102 1533 Δήλια
1122 1448 1175 1514 ἐπὶ
1197 1453 1314 1537 Δηλίῳ

201 1552 256 1615 καλ
281 1547 462 1633 Τροφώνια
484 1548 521 1612 ἐν
543 1552 719 1636 Λεβαδείᾳ.
764 1551 857 1616 Vrat.
879 1552 920 1616 A.
1189 1629 1190 1632 Ἴ

285 1650 432 1715 Illustrat
461 1652 579 1735 partim
614 1651 653 1714 L.
687 1651 823 1716 Preller.
860 1653 982 1717 Polem.
1015 1675 1047 1738 p.
1082 1654 1122 1714 53
1144 1674 1214 1738 sqq.
1258 1652 1313 1716 De
1415 1653 1416 1656 ’

200 1752 284 1817 Alea
305 1751 386 1815 urbe
408 1751 536 1838 diisque
558 1752 605 1818 ibi
627 1753 722 1817 cultis
745 1777 777 1818 v.
801 1753 949 1819 Curtium
961 1754 1075 1839 Pelop.
1089 1753 1107 1816 I
1120 1755 1181 1817 218
1195 1775 1247 1836 n.;
1271 1754 1313 1818 de

200 1854 313 1919 Corsis
340 1851 381 1917 ab
404 1853 575 1917 Hermaeis
597 1853 737 1918 fortasse
760 1877 825 1919 non
848 1854 1088 1939 distinguendis
1113 1853 1251 1919 eundem
1275 1878 1308 1942 p.

200 1959 260 2019 296
284 1955 357 2019 coll.
379 1976 412 2039 p.
433 1957 504 2038 336,
527 1958 562 2038 83
585 1956 625 2020 de
646 1957 788 2043 Lycaeis
805 1956 1019 2036 Bceckhium
1048 1955 1134 2041 expl.
1158 1955 1254 2020 Pind.
1278 1980 1310 2043 p.

201 2062 271 2122 175.
317 2056 419 2121 Simul
442 2079 484 2120 ex
505 2057 567 2121 hoc
588 2059 659 2122 loco
681 2067 772 2145 patet
786 2058 1010 2122 Aristonicum
1031 2059 1065 2121 in
1086 2057 1222 2122 Pindari
1244 2060 1312 2144 epi·
1407 2068 1411 2076 “

198 2158 285 2222 nicia
308 2167 383 2222 ante
412 2158 593 2244 Didymum
627 2169 878 2224 commentatum
912 2182 983 2225 esse
1013 2157 1172 2246 (Bceckh.
1204 2161 1309 2244 praef.

198 2257 311 2323 scholl.
336 2282 369 2345 p.
393 2259 506 2345 XLI),
535 2283 631 2346 quem
660 2261 779 2324 scimus
808 2261 842 2323 in
864 2260 1049 2325 Homericis
1079 2259 1231 2346 operibus
1252 2259 1311 2324 Di·

198 2361 296 2448 dymo
317 2383 413 2425 usum
436 2383 518 2426 esse.
564 2361 679 2446 Itaque
701 2361 783 2430 alter
806 2361 901 2426 alteri
923 2384 1043 2447 suppar
1064 2361 1159 2424 vixit.

730 2550 776 2610 13.

284 2663 329 2728 ib.
359 2667 418 2727 159
453 2659 655 2729 voivotmv
682 2659 949 2749 Ἀταβυρίου·
977 2703 1019 2714 -
1050 2664 1242 2746 Δίδυμος
1273 2665 1313 2727 δέ

198 2785 304 2849 φησιν
333 2760 417 2853 εἶναι
443 2765 480 2830 ἐν
500 2769 641 2852 Σικελία
664 2760 744 2847 ὅρος
769 2761 985 2850 Ἀταβύριον,
1013 2759 1058 2842 ὡς
1091 2761 1227 2847 Τίμαιός
1251 2765 1308 2851 (fr.

200 2868 310 2933 3'vol.
334 2868 350 2930 I
375 2891 406 2953 p.
434 2871 491 2931 194
518 2868 647 2953 Muell.)
680 2885 773 2951 φησι.
819 2874 966 2933 καλεῖται
993 2862 1030 2930 δὲ
1051 2865 1105 2929 καλ
1129 2859 1309 2950 ὀἈταβυ-

75 3041 78 3046 ,
200 2990 280 3046 ριος.
303 2967 447 3031 Bceckh.
474 2969 508 3031 in
531 2969 618 3055 expl.
635 2969 731 3034 Pind.
753 2993 784 3055 p.
803 2973 862 3031 177
885 2967 980 3053 (nott.
996 2965 1072 3051 300)
1097 2965 1240 3030 conferri
1261 2967 1309 3030 iu·

115 3085 119 3093 '
197 3069 253 3132 bet
274 3068 395 3132 Meurs.
419 3069 525 3134 Rhod.
554 3071 571 3133 Ι
603 3073 621 3134 8
655 3070 798 3136 Goeller.
827 3070 903 3134 hist.
931 3068 1044 3155 Syron.
1081 3092 1113 3155 p.
1136 3070 1208 3130 204.
1256 3068 1308 3131 Of.

198 3168 307 3253 steph.
330 3168 411 3254 Byz.
434 3174 490 3232 141
515 3171 559 3234 M.
582 3170 735 3257 Apollod.
754 3171 807 3233 III
832 3173 860 3252 2,
884 3175 898 3232 1
924 3169 1024 3233 Diod.
1048 3168 1078 3231 V
1099 3171 1139 3232 59
1160 3168 1307 3255 Hesych.

198 3291 223 3332 s.
251 3291 283 3331 v.
309 3269 418 3334 Tzetz.
445 3270 528 3334 Chil.
559 3271 608 3335 IV
631 3276 692 3335 390
722 3273 870 3337 Lectum.
895 3270 976 3336 Inst.
1004 3271 1021 3334 Ι
1046 3273 1085 3333 22
1111 3269 1307 3336 Olsheusen.

198 3372 232 3431 in
254 3369 339 3433 Mus.
363 3370 467 3436 Rhen.
490 3372 531 3435 N.
554 3373 592 3436 F.
620 3375 699 3436 1853
719 3371 758 3460 p.
776 3377 848 3438 323.
893 3372 922 3436 E
944 3373 1116 3440 Lactantio
1144 3394 1224 3437 vero
1244 3373 1308 3437 col-

197 3469 280 3553 ligas
301 3471 482 3556 Didymum
504 3474 551 3542 ¹sd
570 3473 602 3537 h.
627 3473 648 3537 l.
670 3475 800 3560 longius
833 3477 1035 3557 excurrisse,
1064 3496 1160 3560 quam
1182 3484 1308 3540 nostro-

196 3593 268 3635 rum
287 3572 484 3638 scholiorum
503 3575 646 3640 conditio
667 3575 786 3661 prodit.

727 3763 775 3824 14.

282 3874 394 3938 Verba
412 3874 576 3942 Lacteniii
597 3898 635 3960 p.
653 3877 712 3939 130
729 3875 787 3939 LB
799 3874 946 3940 eimau.
969 3875 1051 3938 haec
1072 3884 1161 3938 sunt:
1181 3880 1308 3954 Didy-

195 3998 274 4039 mus
302 3983 338 4038 im
368 3982 486 4040 tibris
512 3969 745 4060 ἐξηγήσεως
772 3978 1034 4058 Πινδαρικῆς
1060 3984 1126 4047 eit,
1166 3981 1308 4039 Melissea

197 4082 378 4140 Cretensium
398 4098 497 4154 renem
517 4085 652 4157 primum
673 4084 738 4142 Diis
758 4086 963 4155 sacrificasse,
987 4099 1024 4141 ee
1046 4084 1122 4140 ritus
1144 4098 1231 4139 novos
1251 4098 1308 4139 so-

193 4197 370 4253 ciorumque
404 4198 531 4257 pompos
569 4185 778 4243 introduxisse.
833 4184 931 4241 Huius
970 4183 1047 4240 deas
1083 4181 1181 4252 fuisse
1214 4184 1306 4254 filies,

194 4281 378 4340 Amaltheam
399 4291 428 4344 et
447 4283 615 4356 Melissem,
646 4301 723 4358 quae
744 4284 844 4344 Iovem
868 4300 996 4359 puerum
1017 4285 1148 4360 caprina
1169 4284 1249 4346 lacte
1269 4299 1308 4342 ec
