2866 4882
216 347 278 411 322

215 535 282 596 ρον
302 513 366 576 τοῦ
381 509 527 596 Θρᾳκῶν
549 505 711 592 βασιλέως
730 502 785 570 καὶ
807 497 1180 589 μητρδςἮγ-ησιπύλῃς,
1201 495 1332 584 άπάγο-

217 636 277 691 νος
298 612 335 678 δὲ
358 615 427 676 τῶν
449 604 730 694 εὐδοκιμωτάτων
749 610 962 690 στρατηγῶν,
992 607 1077 688 λέγω
1101 597 1143 686 δῆ
1166 606 1236 667 τῶν
1258 601 1334 682 περί

218 709 414 796 Μιλτιάδην
434 711 489 777 καί
510 715 662 796 Κίμωνα.
694 701 839 796 ᾠκείωτο
860 702 926 791 γάρ
947 705 983 770 ἐκ
1006 710 1151 772 παλαιοῦ
1173 708 1221 792 τῷ
1242 703 1334 788 γένει

217 812 302 902 πρὸς
337 811 530 898 Μιλτιάδην
561 807 623 878 τὸν
655 807 860 902 στρατηγόν,
894 812 941 896 τῷ
974 807 1011 873 δὲ
1043 806 1217 892 Μιλτιάδῃ
1250 803 1334 889 πρὸς

218 915 348 985 Αίακδν
369 912 431 982 τδν
452 912 547 989 Διός.
566 907 675 988 οὕτως
692 906 791 994 αύχεί
807 905 844 974 τὰ
860 904 991 993 γένοςδ
1007 907 1227 994 συγγραφεύς
1241 902 1334 982 άυω-

216 1027 293 1086 διν.
335 1014 392 1083 καὶ
419 1011 553 1091 τούτοις
580 1013 771 1095 Δίδυμος
799 1021 980 1096 μαρτυρεῖ,
1010 1008 1210 1096 Φερεκύδην
1236 1010 1275 1074 έν
1294 1011 1334 1095 τῆ

219 1119 335 1206 πρῶτῃ
356 1122 424 1184 τῶν
444 1116 602 1200 ἱστοριῶν
618 1108 759 1197 φάσκων
781 1108 889 1190 οὕτως
907 1113 1035 1196 λέγειν·
1072 1115 1233 1189 *Φίλαιος
1254 1109 1292 1176 δὲ
1314 1103 1332 1175 ὁ

218 1227 365 1298 Αίαντος
392 1222 478 1284 οίκεῑ
505 1215 542 1282 έν
557 1210 724 1299 Ἀθήναις.
759 1215 796 1280 ἐκ
819 1213 943 1282 τούτου
964 1211 1000 1280 δὲ
1023 1216 1149 1296 γίνεται
1171 1215 1334 1302 Δαϊκλῆς,

217 1326 280 1388 τοῦ
302 1317 339 1388 δέ
359 1315 548 1400 Ἐπίλυκος,
579 1321 646 1384 τοῦ.
662 1314 699 1384 δὲ
718 1312 899 1400 Ἀκέστωρ,
931 1318 993 1381 τού
1018 1313 1056 1380 δὲ
1074 1309 1242 1400 Ἀγήνωρ,
1272 1315 1334 1378 τού

220 1419 257 1488 δὲ
271 1417 395 1503 Ὄλιος,
413 1423 475 1486 τού
498 1416 535 1486 δὲ
551 1413 676 1502 Λύκης,
698 1422 759 1483 τοῦ
781 1415 818 1484 δὲ
837 1411 967 1502 Ἰοφῶν,
989 1420 1052 1482 τού
1074 1416 1110 1482 δέ
1132 1413 1249 1500 Λάιος,
1271 1418 1333 1480 τοῦ

219 1521 256 1594 δὲ
278 1517 510 1606 Ἇγαμῆστωρ,
542 1524 603 1586 τοῦ
632 1518 669 1586 δὲ
700 1520 903 1604 Τίσανδρος,
939 1511 1008 1606 [ἐφ’
1038 1506 1081 1582 ού
1107 1511 1270 1602 ἄρχοντος
1297 1513 1334 1580 έν

216 1617 387 1710 Ἀθήναις]
409 1625 471 1686 τού
490 1617 527 1688 δέ
549 1618 747 1705 Μιλτιάδης,
770 1623 832 1684 τού
853 1617 890 1686 δὲ
911 1620 1107 1704 Τίσανδρος,
1129 1621 1192 1684 τοῦ
1214 1614 1252 1682 δὲ
1266 1612 1335 1684 Ἱπ-

221 1724 409 1804 ποκλείδης,
433 1717 488 1807 ἐφ’
509 1711 552 1786 οὗ
574 1717 735 1806 ἄρχοντος
750 1717 978 1806 Παναθήναια
998 1720 1109 1806 ἐτέθη,
1128 1722 1189 1786 τού
1204 1717 1242 1784 δὲ
1260 1715 1335 1786 Κύ·

220 1828 333 1908 ψελος,
355 1826 417 1888 τοῦ
439 1818 476 1888 δέ
498 1819 698 1907 Μιλτιάδης,
720 1816 757 1902 δς
779 1816 879 1912 plum
901 1818 1147 1910 Χερρόνησον.
1170 1829 1337 1904 μαρτυρεῖ

136 1977 137 1980 ι
222 1922 259 1990 δέ
282 1920 413 2002 τούτοις
435 1924 490 1990 καὶ
508 1917 700 2000 Ἑλλάνικος
721 1923 758 1992 ἐν
778 1929 819 2011 τῆ
840 1926 1094 2010 ἐπιγραφομένῃ
1113 1919 1281 1990 Ἀσωπίδα

307 2029 444 2103 Φίλαιος
463 2025 662 2110 Wesseling.
685 2024 809 2090 Herod.
829 2027 879 2090 VI
895 2030 936 2090 35
960 2027 1034 2093 coll.
1055 2026 1142 2094 Plut.
1162 2025 1228 2108 Sol.
1248 2047 1275 2088 ο.
1296 2027 1334 2086 10

221 2128 319 2192 Paus.
344 2127 362 2194 I
383 2131 434 2210 35,
452 2130 471 2190 2
495 2136 527 2192 et
548 2149 651 2212 marg.
676 2128 727 2192 ed.
744 2125 856 2215 steph.
872 2131 903 2192 2.
926 2129 1132 2215 Receperunt
1146 2126 1203 2189 Fr.
1215 2119 1335 2192 Ril'ter.

221 2239 254 2296 et
279 2229 521 2296 Westermann.
552 2251 612 2314 pro
641 2228 731 2313 vulg.
764 2233 911 2308 Φιλαίας.
935 2269 977 2278 —-
999 2226 1148 2306 Δάϊκλος
1178 2227 1269 2312 vulg.
1304 2237 1336 2292 et

220 2331 263 2397 A.
276 2330 463 2414 Νείλοιο),
485 2323 610 2408 Αἶκλος
622 2330 776 2413 casaub„
798 2335 947 2417 Δαϊκλῆς
969 2332 1086 2396 Ritter.
1105 2328 1179 2395 coll.
1192 2328 1335 2414 Dionys.

222 2434 294 2504 AR.
317 2432 335 2495 I
358 2436 408 2497 71.
430 2469 474 2484 --
499 2425 674 2507 Ἐπίδνκος
693 2432 782 2517 vulg.
801 2426 966 2511 Ἐπίδικος
988 2434 1140 2498 Grauevt.
1162 2455 1195 2517 p.
1221 2434 1281 2493 175
1304 2440 1337 2496 et

221 2534 356 2616 Ritter„
387 2523 561 2609 Ἐπίλυκος
583 2533 756 2597 Westerm.
791 2555 864 2599 cum
887 2527 1038 2600 Goeller'o
1068 2541 1099 2596 et
1125 2531 1270 2619 Sauppio
1300 2533 1337 2616 iu

222 2643 285 2704 act.
306 2657 372 2702 soe.
395 2633 453 2700 Gr.
476 2637 495 2695 2
517 2657 549 2720 p.
573 2629 636 2696 436
664 2633 738 2698 coll.
760 2635 849 2698 Keil.
872 2633 963 2700 vind.
986 2655 1093 2700 onom.
1115 2655 1146 2719 p.
1171 2638 1190 2696 7
1220 2631 1334 2717 Steph.

222 2736 305 2802 thes.
321 2735 375 2800 HI
386 2757 418 2821 p.
434 2735 621 2798 1588.1682
644 2739 695 2800 ed.
713 2735 792 2801 Did.
806 2735 896 2802 Suid.
910 2759 935 2800 s.
948 2758 981 2800 v.
998 2731 1132 2819 Κράτης
1145 2727 1335 2816 Ἀθηναῖος.

219 2831 401 2913 Ἐπίλυκος.
424 2873 466 2886 —-
482 2831 593 2910 Ὅλιος
614 2843 647 2899 et
668 2836 794 2901 Rittero
816 2845 848 2900 et
864 2836 1116 2903 Westermanno
1133 2827 1204 2902 iur'e
1223 2858 1336 2922 suspe-

222 2947 311 3002 ctum
334 2945 394 3002 est.
418 2937 536 3000 ‘Forte
550 2928 660 3012 Ὀδίος
680 2937 735 3001 vel
752 2932 909 3013 Ὀίλεύς’.
930 2975 972 2987 -
998 2933 1137 3021 Τύφων,
1156 2938 1248 3023 vulg.
1268 2935 1335 3002 Τό-

222 3060 299 3120 φων
317 3037 399 3119 Pu„
429 3029 548 3118 Ἰοφῶν
570 3036 745 3102 Westurm.
766 3060 795 3102 ο.
819 3038 871 3102 ed.
889 3037 1044 3110 Francof.
1063 3077 1106 3088 —-
1127 3041 1190 3102 τού
1213 3037 1251 3102 δέ
1277 3033 1336 3102 Τίὲ

222 3138 368 3220 σανδρος
387 3135 453 3200 κτὲ.
499 3137 551 3202 Of.
574 3139 719 3204 Voemel.
742 3162 818 3206 exx.
847 3137 992 3203 chronol.
1018 3139 1058 3204 de
1080 3147 1144 3205 aet.
1168 3139 1279 3205 Solon.
1304 3149 1337 3206 et

161 3299 163 3304 .
223 3238 337 3306 Croesi
355 3261 387 3323 p.
414 3241 451 3301 17
474 3276 517 3288 -
534 3232 649 3324 ῶκισε)
671 3239 743 3305 PG.
766 3249 799 3305 et
819 3240 913 3324 Ald„
941 3233 1054 3327 ᾤκησε
1075 3261 1202 3308 eorrex.
1222 3240 1336 3326 steph.

225 3338 365 3406 Oasaub.
388 3339 457 3406 alii.

763 3426 793 3490 2·

308 3541 488 3608 Marcellin.
510 3546 541 3626 ξ.
567 3546 605 3607 16
629 3538 675 3628 μῆ
696 3535 874 3628 άγνοῶμεν
896 3541 932 3614 δέ
953 3548 1066 3630 τούτο,
1089 3540 1334 3630 ὅτιὍρολοςὸ

225 3638 334 3728 πατὴρ
355 3638 447 3732 αύτῷ
469 3644 557 3728 ἐστι,
584 3648 647 3728 τῆς
662 3641 725 3729 μὲν
751 3643 885 3732 πρῶτης
906 3651 1076 3732 συλλαβῆς
1098 3643 1136 3712 τὸ
1158 3671 1178 3732 ρ
1196 3647 1337 3731 ἐχούσης

224 3749 286 3828 τῆς
303 3744 340 3810 δὲ
362 3745 520 3829 δευτέρας
542 3742 579 3810 τὸ
600 3753 629 3812 λ.
654 3743 739 3832 αὕτη
764 3744 827 3832 γάρ
843 3742 863 3831 ῆ
880 3747 1005 3832 γραφή,
1030 3743 1075 3826 ῶς
1089 3746 1337 3836 καλΔιδύμφ

225 3847 334 3929 δοκεῖ,
357 3841 552 3933 ἡμάρτηται.
587 3844 638 3914 ὅτι
662 3843 880 3933 γάρ”Ορολός
902 3849 1010 3933 ἐστιν,
1033 3843 1054 3934 ῆ
1074 3848 1177 3934 στῆλη
1197 3852 1296 3934 δηλοῖ
1315 3843 1336 3932 ῆ

224 3944 279 4011 ἐπὶ
302 3950 365 4010 τοῦ
387 3943 498 4030 τάφον
521 3945 629 4015 αύτού
651 3951 798 4034 κειμένη,
819 3951 906 4015 ἔνθα
925 3947 1123 4034 κεχάρακται
1147 3951 1331 4016 ’Θονκυδί-

224 4049 284 4130 δης
308 4042 449 4131 Ὀρόλον
473 4042 716 4134 Ἀλιμούσιος’.
745 4047 829 4135 πρὸς
851 4044 915 4136 γάρ
943 4062 1013 4128 ταῖς
1035 4054 1192 4116 Μελιτίσι
1214 4048 1338 4127 πύλαις

224 4147 446 4232 καλουμέναις
475 4146 566 4215 ἐστὶν
593 4150 631 4213 έν
656 4154 763 4237 Κοίλῃ
791 4147 831 4216 τά
860 4149 1051 4236 καλούμενα
1073 4149 1229 4237 Κιμῶνια
1251 4150 1338 4236 μνῆ-

223 4268 325 4329 ματιι,
348 4250 433 4313 ἔνθα
451 4251 623 4315 δείκνυται
638 4246 793 4335 Ἡρῶδον
813 4254 868 4320 καὶ
882 4255 1099 4322 Θουκυδίδου
1119 4250 1227 4336 τάφος
1244 4247 1338 4337 εὑρί-
