2858 4882
1143 378 1204 441 399

620 545 680 624 ιι.
738 511 740 515 ’

97 697 203 775 Περὶ
225 699 307 760 τῶν
329 689 493 771 ἀξόνων
518 697 600 777 τῶν
622 690 816 769 Σόλωνος
842 687 1080 776 ἀντιγραφή
1104 690 1206 775 πρὸς

490 790 809 878 Ἀσκληπιάδην.

183 948 270 1012 Plut.
301 948 411 1014 Solon.
441 970 469 1012 o.
499 952 512 1010 1
544 948 609 1012 vol.
636 948 652 1011 Ι
676 971 708 1034 p.
738 952 794 1011 161
826 947 950 1012 Sinten.
981 945 1205 1032 Δίδυμοςὸ

98 1048 387 1134 γραμματικὸς
412 1049 456 1114 ἐν
484 1053 528 1135 τῇ
555 1049 649 1133 περὶ
674 1054 758 1114 τῶν
776 1044 936 1128 ἀξόνων
960 1054 1040 1116 τῶν
1063 1050 1209 1118 Σόλωυ

98 1177 169 1229 νος
187 1147 421 1238 ἀντιγραφῇ
444 1147 548 1234 πρὸς
566 1147 881 1236 Ἀσκληπιάδην
894 1155 1100 1232 Φιλοκλέους
1114 1151 1207 1240 τινὸς

98 1255 228 1320 τέθεικε
251 1255 358 1335 λέξιν,
383 1254 419 1317 ἐν
446 1243 546 1338 ᾖτόν
568 1253 712 1320 Σόλωνα
733 1251 859 1338 πατρὸς
881 1251 1103 1340 Εὐφορίωνος
1120 1252 1207 1322 ἀπο-

98 1360 212 1440 φαίνει
234 1352 323 1438 παρὰ
345 1350 407 1438 τὴν
429 1359 497 1419 τῶν
520 1351 631 1420 ἀλλων
652 1354 769 1440 δόξαν,
792 1352 866 1421 ὅσοι
889 1359 1071 1441 μέμνηνται
1087 1357 1207 1426 Σόλω-

100 1481 168 1533 νος.
210 1452 437 1539 Ἐξηκεστίδου
468 1453 533 1539 γὰρ
562 1451 667 1521 αὐτὸν
696 1451 840 1533 ἅπαντες
867 1453 1000 1541 ὁμαλοῖς
1033 1462 1208 1544 γεγονέναι

99 1559 265 1641 λέγουσιν.

185 1661 402 1726 Execestidae
427 1661 530 1726 filium
558 1659 702 1746 appellat
725 1661 825 1745 Diog.
848 1660 907 1724 La.
932 1661 949 1725 Ι
970 1667 1011 1725 45
1031 1663 1118 1728 Plut.
1142 1664 1208 1732 Sol.

103 1769 115 1826 1
146 1763 246 1828 Diod.
278 1763 343 1828 Sic.
374 1785 445 1828 exo.
467 1763 578 1827 Valeo.
605 1762 671 1826 vol.
699 1761 734 1824 II
759 1786 791 1848 p.
821 1767 879 1826 551
906 1763 1048 1828 Wessel.
1070 1764 1208 1830 Lucian.

100 1865 214 1932 D..M.
237 1868 294 1947 20,
316 1871 336 1929 4
356 1865 372 1928 Ι
391 1889 423 1951 p.
446 1867 507 1929 238
531 1865 620 1930 Iobz.
663 1865 740 1929 Vid.
763 1866 883 1950 Aegid.
905 1867 1036 1950 Menag.
1061 1868 1148 1934 obss.
1174 1870 1210 1932 in

100 1966 196 2050 Diog.
222 1967 261 2030 L.
285 1966 307 2030 l.
331 1966 353 2032 l.
374 1967 439 2031 vol.
462 1967 479 2032 Ι
503 1991 535 2053 p.
559 1969 620 2030 203
643 1966 798 2030 an.·—-
825 1967 1073 2055 Asclepiadem,
1096 1979 1209 2035 eontra

100 2091 196 2156 quem
216 2068 347 2155 scripsit
362 2069 543 2156 Didymus,
573 2070 724 2132 novimus
747 2090 790 2132 ex
815 2079 858 2133 et.
882 2061 968 2134 Gud.
989 2093 1021 2155 p.
1046 2073 1107 2134 355
1125 2069 1211 2155 κύρ-

100 2175 171 2254 βεις
343 2165 645 2252 Ἀσκληπιάδης
676 2167 721 2234 δὲ
754 2169 797 2233 ἐν
823 2181 914 2246 τοῖς
940 2174 1029 2245 των,
1048 2167 1210 2248 ἀξόνων

102 2273 365 2355 ἐξηγητικοῖς
388 2268 452 2336 ἀπὸ
465 2271 628 2356 Κύρβεως
649 2274 712 2336 τοῦ
732 2265 790 2346 τάς
812 2267 928 2348 οὐσίας
943 2273 1117 2360 (λθνσίας)
1138 2269 1211 2356 ὁρί-

102 2390 240 2456 σαντος,
264 2367 309 2449 ὥς
331 2390 414 2456 φησι
431 2375 559 2448 Φανίας
579 2366 596 2436 ὁ
618 2367 778 2454 Ἐρέσιος,
801 2371 843 2436 of.
865 2370 975 2434 adnot.
995 2373 1038 2436 ad
1056 2380 1098 2437 et.
1123 2374 1210 2439 Gud.

101 2499 134 2562 p.
158 2479 220 2540 940
244 2484 286 2540 et.
312 2498 355 2539 m.
380 2475 471 2540 Suid.
495 2475 604 2540 Oram.
627 2474 765 2538 aneedd.
786 2473 821 2537 ΙΙ
842 2495 874 2559 p.
888 2475 960 2536 455.
991 2473 1141 2539 Eundem
1163 2500 1212 2541 re·

23 2661 26 2667 Ι
103 2578 186 2662 spici
214 2586 289 2640 sunt
317 2578 374 2664 qui
400 2577 606 2662 suspicentur
630 2577 665 2639 in
696 2575 797 2639 schol.
827 2573 869 2638 ad
891 2575 993 2639 Arist.
1030 2575 1139 2641 Nubb.
1170 2582 1210 2642 37

102 2678 158 2743 καλ
185 2672 491 2760 Ἀσκληπιάδης
519 2672 537 2740 ὁ
564 2672 858 2757 Ἀλεξανδρεάς
883 2671 963 2752 τούς
992 2673 1075 2740 κατὰ
1104 2680 1212 2761 δῆμον

102 2773 265 2861 ἀρχοντάς
279 2798 393 2861 φησιν.
419 2779 470 2844 Of.
483 2779 600 2842 Lehrs.
615 2779 794 2844 Herodian.
810 2801 872 2842 scr.
883 2779 947 2841 tria
960 2802 992 2864 p.
1005 2783 1077 2842 446.
1092 2819 1134 2828 --
1156 2781 1211 2845 Se-

102 2881 193 2944 leuci¹
199 2881 366 2945 Homerici
379 2881 499 2945 librum
508 2875 654 2967 Didymo
670 2882 711 2945 ad
725 2903 839 2945 manus
852 2881 954 2944 fuisse
965 2880 1136 2966 probabile
1152 2891 1210 2946 est.

632 3086 691 3166 12.

309 3233 412 3315 Περὶ
432 3237 501 3318 τῆς
523 3225 764 3317 Κικέρωνος
790 3238 1006 3311 πολιτείας

457 3395 458 3400 ,
537 3335 799 3420 αβνδες’
888 3395 889 3398 ,

189 3488 369 3573 Didymum
391 3487 493 3551 Iubae
515 3489 586 3573 regi
608 3488 852 3570 litteratissime,
874 3488 956 3552 Afro
973 3488 1124 3571 Varroni,
1147 3512 1215 3553 sae-

103 3592 177 3675 pius
200 3588 399 3653 obtrectasse
421 3589 491 3652 dixi
512 3591 547 3651 in
577 3598 748 3654 comment.
776 3589 795 3652 I
824 3599 856 3654 et
883 3589 928 3653 II.
982 3589 1074 3653 Idem
1101 3590 1215 3653 adver-

105 3711 160 3753 sus
182 3683 350 3755 Ciceronis
372 3689 491 3772 libros,
519 3713 599 3776 quos
626 3689 666 3754 de
689 3689 858 3776 republica
880 3700 1120 3776 composuerat,
1143 3712 1215 3775 par·

104 3792 234 3872 turivit,
257 3799 321 3873 aut,
342 3800 379 3855 ut
399 3790 499 3855 Plinii
517 3791 627 3865 uerbis
649 3800 732 3874 utar,
753 3791 885 3856 abortus
903 3792 991 3857 feeit.
1037 3793 1146 3855 Testis
1166 3802 1215 3855 est

104 3892 298 3956 Ammianus
326 3893 537 3957 Marcellinus
569 3892 674 3957 XXII
715 3896 767 3975 16,
801 3898 838 3958 16
875 3899 980 3958 ‘Inter
1017 3915 1089 3972 quos
1124 3893 1215 3979 (Ale-

106 3994 301 4080 xandrinos)
317 4031 320 4036 .
335 4001 459 4060 eminuit
483 4001 629 4075 Didymus
655 4003 826 4075 multiplicis
855 4000 995 4060 scientiae
1030 4003 1117 4074 σοφία
1154 3997 1216 4081 (sie

107 4094 215 4176 Voss,
237 4093 307 4158 MS.
326 4096 430 4180 copti,
453 4095 584 4160 Gruter.
598 4106 709 4181 captu,
731 4096 843 4160 Vales.
868 4098 1014 4182 scriptis,
1038 4095 1080 4160 al.
1099 4096 1215 4181 coepti,

107 4195 227 4278 Angel.
251 4196 330 4259 Mai.
357 4196 461 4281 praef.
489 4197 532 4260 ad
562 4197 631 4261 Oio.
662 4219 763 4284 remp.
787 4198 982 4261 vocabulum
1004 4197 1136 4280 omittit)
1158 4218 1216 4260 me·

107 4295 271 4374 morabilis,
294 4305 346 4375 qai
366 4304 397 4360 ιἰι
416 4305 476 4362 illis
503 4303 548 4361 VI
565 4304 663 4373 libris,
686 4306 717 4361 ιἰι
738 4303 843 4376 quibos
859 4303 1078 4377 αοιιιιλιιαηιιαια
1101 4307 1216 4378 imper-
