2866 4882
204 331 274 395 296¹

204 497 298 560 iuxta
319 516 394 560 cum
415 495 455 562 Ο.
472 494 669 560 Schneidero
690 495 788 558 nimis
808 491 985 560 honorifice
1008 495 1197 572 sentiamus,
1221 504 1323 581 atque

205 596 294 662 baud
322 597 390 660 scio
419 617 462 660 an
490 596 676 683 Symmachi
707 617 806 681 opera
834 593 1084 679 Aristopbaueis
1114 594 1239 660 fabulis
1266 618 1323 660 na-

205 706 300 780 vata,
329 719 394 762 non
423 699 555 764 maioris
576 695 796 778 aestimanda,
827 715 924 782 quam
946 696 1000 758 Pii
1026 695 1213 762 Alexandri
1242 697 1323 762 Dio-

206 799 294 885 nysii
324 799 465 864 Cratetis
494 798 641 863 Euclidis
662 797 813 862 Marcelli
840 797 964 861 Zosimi
989 797 1137 885 Asclepii
1169 796 1322 882 aliorum,

207 902 338 966 omnino
355 903 390 964 in
412 921 450 964 eo
471 899 662 982 substiterit,
684 907 721 963 ut
734 898 873 984 Didymi
893 901 1142 963 commentarios
1165 907 1324 964 retracta-

205 1011 256 1067 tos
283 1009 525 1089 perpetuaeque
552 1002 646 1087 quasi
675 1019 832 1064 censurae
860 1000 1023 1065 subiectos
1047 1001 1171 1086 passim
1193 1001 1324 1066 adsutis

206 1102 437 1168 additamentis
468 1110 620 1186 augeret,
650 1109 687 1164 ut
718 1099 801 1164 Ach.
835 1104 906 1164 471.
951 1100 1100 1187 Namque
1129 1101 1192 1167 hoc
1223 1103 1324 1166 etiam

206 1204 344 1269 calidius
374 1206 512 1290 sumpsit
536 1201 772 1285 Schneiderus,
806 1200 957 1266 omnibus
988 1199 1101 1265 scholl.
1131 1202 1232 1286 locis,
1264 1203 1324 1267 ubi

207 1305 421 1392 Symmachus
444 1305 540 1368 alteri
561 1303 660 1367 alicui
683 1302 885 1390 obloquatur,
908 1301 1134 1367 adversarium
1152 1303 1252 1367 istum
1274 1304 1324 1366 in·

205 1405 427 1490 tellegendum
449 1405 629 1490 Didymum
653 1425 736 1468 esse.
767 1404 813 1470 Ut
834 1405 935 1488 igitur
957 1423 1022 1467 uno
1045 1403 1191 1467 alterove
1213 1426 1324 1468 exem-

205 1506 261 1592 plo
281 1514 365 1587 utar,
388 1505 754 1591 schol.qu.1143.23
776 1500 988 1588 βρύλλων·
1011 1500 1324 1587 ἐξαπατώμενος-

207 1606 389 1689 Σύμμαχος
423 1604 458 1669 δὲ
488 1599 666 1670 ὑποπίνων
694 1604 760 1670 κτὲ.
809 1607 952 1692 priorem
981 1606 1234 1692 explicationem
1261 1606 1322 1670 Di·

208 1705 386 1792 dyminon
407 1725 478 1769 esse
491 1705 675 1791 Hesychius
698 1709 889 1791 βρυλλοῐν
910 1708 1006 1794 (810)·
1030 1701 1209 1772 ὑποπίνων
1232 1709 1322 1772 evin-

207 1807 262 1870 cit.
292 1805 384 1869 Idem
404 1806 494 1870 valet
514 1807 555 1870 de
575 1807 683 1871 Nubb.
710 1809 771 1871 862
793 1808 873 1870 Hes.
895 1801 1020 1891 ἁμαξίς.
1055 1809 1208 1874 Ceterum
1228 1807 1322 1896 Sym-

208 1906 351 1988 machus,
371 1906 530 1992 siquidem
546 1907 772 1973 Alexandrum
794 1931 877 1991 eum,
900 1930 995 1994 quem
1018 1918 1198 1974 antestatur
1218 1911 1321 1976 schol.

207 2008 313 2071 Banu.
336 2010 413 2089 864,
438 2006 675 2093 Cotyaeensem
696 2009 864 2095 Euripidis
896 2010 1106 2096 interpretem
1128 2033 1205 2086 esse,¹
1232 2022 1322 2078 recte

208 2109 421 2190 coniecimus,
455 2114 529 2192 post
561 2115 707 2191 tempora
737 2108 782 2170 M.
811 2108 970 2174 Antonini
1003 2112 1188 2198 philosophi
1220 2114 1323 2178 fuerit

208 2219 343 2300 oportet.
389 2208 443 2273 Ab
468 2207 529 2271 hoc
558 2208 658 2290 igitur
681 2206 799 2270 Galeni
821 2209 1002 2274 Herodiani
1023 2211 1203 2299 Phrynichi
1232 2214 1321 2280 locos

207 2311 371 2398 appositos
401 2331 472 2374 esse
502 2308 661 2393 suspicor.
706 2305 820 2370 Tacite
853 2309 953 2392 igitur
985 2310 1198 2397 Symmachus
1230 2317 1321 2402 ipsas
1384 2359 1386 2362 -

208 2411 346 2495 Didymi
365 2409 600 2496 explicationes
621 2429 680 2493 pro
703 2407 770 2470 suis
792 2407 949 2473 venditat.

214 2565 228 2572 ,,
293 2510 439 2575 Transeo
467 2532 553 2573 nunc
585 2508 628 2572 ad
652 2507 853 2572 lustrandam
876 2519 1046 2595 poetarum
1068 2535 1242 2604 rerumque
1264 2540 1321 2583 au-

207 2622 333 2677 ctorum
365 2613 399 2676 in
433 2608 564 2674 scholiis
596 2608 819 2696 appositorum
849 2610 1031 2692 cohortem,
1073 2615 1166 2679 cuius
1197 2619 1322 2704 singuli

207 2711 365 2799 manipuli
393 2712 462 2775 eius
492 2709 617 2774 ordinis
644 2730 682 2771 ac
709 2709 806 2794 pretii
835 2718 925 2792 8008,
959 2719 995 2774 08
1020 2712 1182 2779 delectum
1208 2739 1321 2784 eorum

205 2813 360 2878 habuisse
381 2834 465 2877 unus
488 2810 652 2896 Didymus
675 2809 782 2873 videri
804 2812 938 2896 possit„
963 2813 1014 2877 Ac
1037 2816 1229 2901 saepissime
1252 2823 1322 2906 qui-

206 2915 280 2979 dem
302 2914 503 2978 advocantur
532 2933 549 2974 e
572 2912 677 2997 poetis
697 2913 945 3000 oratoribusque
968 2916 1005 2998 ii,
1025 2938 1106 3002 quos
1125 2932 1321 2986 commenta-

204 3018 264 3081 riis
287 3016 470 3079 illustrasse
488 3012 670 3098 Didymum
693 3021 829 3095 constat,
853 3016 936 3100 epici
959 3015 1121 3081 Homerus
1140 3019 1321 3088 Hesiodus-

206 3139 282 3205 que,
312 3138 329 3178 e
352 3122 475 3199 septem
498 3113 611 3199 lyricis
636 3113 799 3205 Pindarus
821 3124 852 3179 et
874 3115 1108 3203 Bacchylides,
1130 3123 1322 3206 tragoediae

206 3218 304 3283 etiam
329 3215 476 3279 Graecae
498 3215 673 3300 'principes
707 3225 792 3299 tres,
820 3227 852 3281 et
875 3239 893 3281 e
917 3219 1051 3303 tragicis
1080 3222 1260 3287 minoribus
1283 3226 1320 3290 Io

205 3328 237 3383 et
266 3316 434 3397 Achaeus,
470 3316 588 3380 deinde
616 3316 823 3403 Phrynichus
854 3320 1011 3405 ‘Eupolis
1045 3331 1142 3408 atque
1166 3323 1320 3392 Cratinus

205 3417 507 3506 Aristophanesque
527 3426 660 3503 poetae’
685 3427 717 3482 et
728 3420 908 3485 Menander
928 3443 1033 3487 novae
1055 3425 1243 3490 comoediae
1266 3428 1321 3493 de-

206 3542 273 3601 cus,
297 3518 542 3584 exoratoribus
566 3519 707 3606 denique
729 3520 979 3587 Demosthenes.
1015 3523 1087 3604 Quo
1107 3525 1185 3590 ‘vero
1207 3527 1320 3592 diluci-

205 3622 278 3687 dius
298 3629 445 3708 patescat
465 3621 608 3708 reliquos
630 3643 739 3686 rerum
761 3631 909 3687 auctores
929 3626 1038 3689 varios
1061 3627 1097 3688 in
1118 3625 1169 3690 his
1187 3627 1320 3692 scholiis

203 3724 367 3789 adhibitos
400 3744 471 3787 esse
500 3723 647 3806 eosdem,
683 3746 763 3810 quos
788 3723 858 3787 fere
889 3725 1135 3810 eDiogeniano
1159 3727 1319 3815 Hesychii

204 3825 401 3911 scholiisque
431 3823 474 3887 ad
498 3822 678 3888 Homerum
701 3824 880 3889 Pindarum
899 3824 1093 3909 Sophoclem
1113 3828 1320 3915 Euripidem·

203 3947 265 4012 que
293 3925 502 4014 comportatis
533 3931 752 4010 protraxeris,
784 3949 825 3990 en
843 3927 904 3990 tibi
923 3928 1116 4013 scriptorum
1138 3930 1320 3998 indiculum

203 4026 399 4110 subiungam
422 4024 589 4089 literarum
613 4026 721 4090 ordini
744 4048 781 4090 eo
800 4027 936 4092 consilio
957 4026 1157 4113 adscriptum
1164 4078 1173 4111 ,
1195 4038 1233 4094 ut
1254 4032 1318 4094 sin·

201 4125 288 4210 gulis
312 4125 498 4191 nominibus
523 4148 636 4190 eorum
664 4126 861 4192 scholiorum
893 4127 977 4214 sigla
992 4127 1202 4212 adlinerem,
1232 4153 1316 4217 quae

200 4225 318 4292 iisdem
348 4228 487 4293 testibus
519 4235 629 4291 essent
659 4231 844 4316 conspicua.
899 4228 1039 4296 Andro
1068 4228 1181 4296 scholl.
1216 4231 1314 4298 Hom.
