2752 4890
633 395 835 456 -rffl
1044 367 1046 372 ’
1225 391 1284 452 139

171 559 210 624 δὲ
239 557 306 624 καὶ,
323 556 457 646 ἐκείνῳ·
491 555 592 624 *σόον
612 555 647 624 δ’
676 554 875 626 άνίνευσεν’
915 559 968 646 (11.
989 563 1023 624 Π
1045 560 1138 646 252)·
1185 560 1285 642 διχῶς

173 651 248 727 οὖν.
272 661 314 727 Α.

260 758 401 846 (άλλως
420 759 632 848 Ἀρίσταρχος
652 767 756 851 copis
777 765 831 828 uoci
853 767 968 851 σαῷς.
993 762 1050 850 A.)

261 870 332 932 688.
376 865 519 943 τούτους
548 862 584 932 δὲ
613 861 692 942 τούς
720 868 854 948 στίχους
882 860 1124 948 Ἀριστοφάνης
1159 857 1283 947 ἠθέτει.

174 966 364 1052 Ζηνόδοτος
386 964 446 1032 τὸν
468 963 590 1052 αὔριον
613 965 730 1052 μόνον.
759 968 831 1034 AL.
853 967 1032 1032 Ducntzor.
1056 966 1179 1032 Zenod.
1201 987 1233 1052 p.
1254 970 1284 1030 5.

255 1074 328 1136 694.
350 1073 491 1152 μῦθον
508 1066 815 1154 ἀγασσάμενοι·
836 1064 1000 1153 γράφεται
1020 1068 1075 1136 καί
1092 1066 1284 1152 φρασσά-

173 1194 307 1253 μενοι.
334 1165 524 1255 Ζηνόδοτος
542 1168 579 1236 δὲ
602 1167 663 1236 τδν
684 1173 798 1254 στίχον
820 1165 885 1236 οὖν
904 1173 1063 1255 ἔγραφεν.
1087 1165 1277 1253 Ἀριστοφά-

175 1295 237 1354 νης
259 1268 296 1336 δὲ
319 1266 444 1356 ηθέτει.
473 1273 515 1337 Α.
556 1273 652 1338 Alter
679 1273 854 1338 scholiasta
878 1273 913 1337 in
934 1272 966 1336 A
984 1294 1044 1358 pro
1061 1272 1283 1360 Aristophane

174 1373 274 1438 habet
295 1374 532 1440 Aristarchum.
579 1374 632 1442 Of.
652 1375 829 1440 Duentzer.
853 1375 976 1442 Zenod.
999 1398 1031 1461 p.
1055 1379 1085 1440 5.

261 1479 333 1542 698.
369 1472 426 1540 διὰ
445 1478 509 1542 τοῦ
530 1477 551 1541 δ
572 1472 680 1553 οὕτως
700 1475 909 1562 Ἀρίσταρχος
931 1470 980 1560 μὴ
1000 1471 1034 1544 δ’
1057 1472 1217 1560 ὄφελες.
1240 1476 1282 1541 A.

261 1581 333 1643 700.
371 1579 410 1643 ἐν
437 1595 503 1642 τισι
531 1581 600 1642 των
623 1571 876 1663 ὑπομνημάτων
903 1575 959 1644 διά
986 1582 1048 1646 τοῦ
1069 1602 1091 1642 α
1108 1573 1282 1663 άνῆιιας·

175 1679 231 1745 καὶ
263 1680 354 1744 ἐστιν
386 1672 546 1763 Ὁμηρική
580 1701 649 1757 πως
679 1674 700 1762 ἡ
735 1679 848 1766 γραφή
901 1676 1090 1765 ’ἄφρονα
1128 1685 1285 1746 τοῦτον

176 1776 362 1864 άνῆιιαςθ
385 1780 457 1845 AL.

697 1877 739 1944 K.

131 1977 133 1980 ¹
260 1984 315 2051 ⁴?l.
339 1987 561 2069 παραιτητέον
582 1983 619 2052 δὲ
637 1981 718 2064 τούς
732 1983 935 2072 γράφοντας,
955 1978 1005 2054 ὦν
1020 1985 1160 2053 ἐστικαὶ
1175 1983 1284 2070 Ζηνό-

174 2086 283 2169 δοτος,
305 2075 430 2153 citios
453 2090 547 2173 μέν,
567 2084 589 2172 ἢ
611 2087 667 2155 καὶ
688 2083 769 2165 τούς
790 2082 950 2154 ὁπωσοῦν
972 2088 1201 2176 βουλομένους
1222 2090 1285 2153 δα-

169 2184 301 2252 σάνειν.
323 2189 392 2254 ἐστι
414 2184 478 2272 γάρ
497 2182 515 2254 ὁ
531 2183 670 2274 ποιητὴς
684 2185 1023 2273 παραλειπτιιιδςτοδν
1037 2186 1190 2273 άρδρων.
1210 2189 1283 2256 AB.

170 2289 359 2355 Aristonico
370 2291 644 2358 Friadlacnderus
662 2290 777 2356 tribuit
792 2298 890 2374 recte,
907 2292 1113 2356 Ducntzerus
1126 2291 1281 2378 Didymo.

256 2393 307 2456 32.
330 2386 438 2470 οὕτως
454 2388 663 2478 Ἀρίσταρχος
682 2387 739 2458 διὰ
762 2396 824 2456 τοῦ
845 2416 867 2456 ν
889 2387 1117 2476 ἀνστήσων.
1140 2394 1182 2458 A.

254 2496 304 2558 38.
325 2488 576 2577 ὀτρύνεις-
592 2494 799 2582 διῃρημένος
821 2495 858 2559 αί
866 2489 1075 2579 Ἀρίσταρχος
1096 2490 1134 2561 τό
1154 2490 1282 2578 ὀτρυ-

169 2596 293 2674 νέεις.
323 2594 365 2660 Α.

256 2701 308 2762 41.
356 2698 492 2763 ἐσται·
523 2695 687 2782 γράφεται
715 2699 846 2783 ἐστίν,
878 2698 935 2763 καί
958 2697 996 2762 ἐν
1017 2692 1108 2785 άλλη)
1135 2705 1205 2782 είη.
1239 2701 1281 2764 Α.

255 2807 307 2868 46.
339 2805 396 2886 δη
404 2796 436 2884 χ’
466 2801 668 2886 ἱεροῖσιν·
703 2803 741 2866 ἐν
763 2817 830 2865 τισι
846 2803 915 2864 τῶν
936 2794 1189 2885 ὑπομνημάτων
1208 2797 1279 2886 εἶχ’

166 2908 373 2991 ίεροίσιν,
392 2896 529 2979 ὁἸξίων
551 2903 622 2966 ἐστί
641 2898 774 2986 γράφει.
799 2903 840 2965 Α.

254 3009 304 3072 18.
328 2999 365 3071 τὸ
388 3003 424 3072 δὲ
440 3000 499 3070 ἐπ’
517 2998 642 3087 ἤματι
657 2999 868 3089 Ἀρίσταρχος
880 2995 936 3067 διά
948 3005 1010 3067 τοῦ
1024 3026 1056 3088 ν,
1078 3003 1121 3069 ἐν
1138 2999 1281 3093 ἤματι,

167 3103 295 3190 ὁμοίως
317 3110 363 3194 τῷ
387 3106 486 3190 εμηνί
507 3099 538 3170 δ’
564 3104 602 3170 ἐν
623 3099 730 3193 οὕλω’
755 3107 796 3192 (Β
821 3108 871 3188 24,
897 3104 982 3191 118).

253 3212 304 3273 51.
326 3211 378 3273 52.
413 3203 826 3290 άθετοῦνταιψδολιχόν.
868 3208 1084 3273 Aristonicus.
1118 3207 1171 3274 καί
1194 3205 1281 3293 Ἀρι-

169 3306 344 3394 στοφάνης
365 3309 556 3392 προηδέτει.
581 3311 757 3395 Didymus.
789 3309 842 3375 Of.
866 3313 895 3374 Θ
915 3311 987 3374 371.
1012 3309 1281 3377 ruricolando

167 3403 228 3476 rus
252 3433 284 3498 p.
306 3414 366 3476 172
384 3411 572 3476 Aristonico
590 3410 715 3476 tribuit.

255 3517 305 3577 54.
325 3511 391 3578 ἐπὶ
409 3512 527 3594 νῆας·
545 3507 756 3595 Ἀρίσταρχος
774 3507 879 3595 παρά
897 3515 1012 3596 νῆας.
1033 3512 1075 3579 Α.
1189 3499 1191 3504 ’

256 3618 307 3679 79.
331 3613 555 3698 ἐπίτραπε·
576 3609 787 3697 Ἀρίσταρχος
810 3614 1027 3699 ἐπέτρεπε.
1051 3616 1092 3680 A.

256 3715 339 3802 [115.
359 3721 491 3798 είπερ·
503 3711 611 3793 οὕτως
623 3705 659 3781 αί
667 3710 915 3800 Ἀριστάρχειοι.
936 3716 1024 3794 τινὲς
1037 3715 1074 3782 δὲ
1087 3720 1124 3782 εί
1133 3722 1209 3782 ιιαί.
1223 3719 1277 3808 V.]

251 3817 321 3881 124.
341 3810 479 3895 ὁἸξίων
500 3813 587 3900 μέγ’
612 3817 829 3902 ἐπέγρετο·
851 3817 906 3883 καί
926 3815 1053 3902 μήποτε
1070 3811 1091 3902 ἡ
1106 3814 1279 3903 Ἀριστάρ-

165 3939 256 4000 χειος
277 3912 386 3994 οὕτως
409 3913 505 4002 εἶχεν.
533 3920 573 3984 A.

253 4022 323 4083 127.
347 4014 618 4102 ἠγερέεσδαι·
642 4016 698 4086 διὰ
720 4024 783 4088 τοῦ
797 4029 825 4088 δ
841 4019 878 4087 αἱ
889 4017 1108 4108 Ἀριστάρχου
1130 4015 1279 4105 ἠγερέ-

162 4127 331 4186 θεσθαι.
358 4120 399 4184 A.

250 4225 319 4287 129.
339 4221 401 4300 ἐξω
423 4224 486 4286 τοῦ
508 4217 600 4288 voti
621 4227 685 4302 τίς
706 4229 755 4291 ot.
784 4227 825 4292 A.

249 4325 319 4387 130.
344 4321 443 4405 χωρὶς
461 4328 523 4389 τοῦ
545 4340 566 4388 σ
586 4325 813 4411 ἐποτρύνει
836 4324 903 4391 καὶ
922 4321 1087 4408 άνιίγει.
1110 4323 1151 4389 A.
