2894 4890
1254 358 1315 422 247

243 579 245 586 ,
703 507 706 512 ’
746 517 775 577 2.

290 634 375 696 Plut.
396 634 457 696 720
474 631 594 695 Athen.
610 630 645 694 II
659 653 692 717 p.
710 635 750 695 67
767 633 808 698 D.
833 632 1075 721 Ἀριστοφάνης
1095 638 1132 703 δὲ
1149 640 1185 704 ἐν
1199 642 1316 708 Πλού-

204 761 251 824 τῳ
274 733 356 818 φησὶ
379 730 467 812 εὄξει
491 733 643 817 διέμενος
665 738 841 822 Σφηττίφ’
864 737 1053 821 Δίδυμος
1074 735 1108 804 δ’
1134 740 1315 828 ἐξηφούμε.

204 860 263 914 νος
302 834 338 900 τὸ
380 833 533 919 ἰαμβεῖόν
566 853 650 919 φησι
690 839 788 911 1ἴσως
823 832 910 901 διότι
946 837 982 902 οί
1004 838 1170 924 Σφήττιοι
1207 837 1315 922 diets?

204 939 353 1024 Respicit
386 936 525 1023 append.
554 935 712 1022 proverb.
732 935 825 1000 Ceut.
848 937 897 1000 IV
925 941 965 1002 29
991 941 1057 1006 vol.
1079 944 1096 1007 I
1124 967 1156 1030 p.
1180 949 1241 1008 440
1262 947 1313 1011 ed.

204 1039 232 1103 L
254 1046 286 1102 et
308 1037 341 1102 S.
364 1037 444 1102 Hes.
467 1036 562 1102 Phot.
586 1041 664 1119 560,
689 1039 738 1102 18.

739 1207 768 1268 3.

288 1325 374 1389 Plut.
401 1327 481 1388 1012
513 1321 711 1404 νιτάριον
733 1315 782 1386 dv
812 1323 882 1387 καὶ
901 1322 1065 1407 βάττον·
1088 1325 1314 1413 Σύμμαχάς

204 1440 303 1509 φησι·
331 1428 480 1508 Νίταρος
503 1421 608 1500 πολὺς
640 1423 692 1487 ἐπὶ
725 1429 869 1510 μαλακίᾳ
901 1421 1145 1510 ὀνειδιζόμενος
1177 1428 1215 1492 ἐν
1245 1442 1314 1508 τοῖς

204 1522 277 1608 ἑξῆς
299 1522 444 1610 δράμασι
465 1526 520 1589 καὶ
538 1523 654 1602 Βάτος.
701 1524 832 1602 καὶτὰς
853 1526 973 1609 μικράς
993 1525 1028 1593 δὲ
1044 1533 1182 1611 θηλείας
1202 1521 1330 1597 Βατά-’

204 1631 285 1702 λους
314 1628 442 1710 ἔλεγον.
487 1625 541 1690 καὶ
563 1623 768 1710 Θεοπόμπου
796 1625 907 1711 δράμά
936 1627 1006 1694 ἐστι
1035 1627 1181 1716 Βατάλη.
1226 1633 1314 1712 τινὲς

204 1725 241 1790 δὲ
274 1721 426 1808 νιτάριον
464 1727 519 1792 καὶ
550 1723 669 1812 βάττον
697 1729 770 1811 εἴδη
803 1731 932 1811 φυτῶν.
977 1731 1071 1795 θέλει
1101 1721 1166 1796 οὖν
1197 1737 1312 1819 εἰπεῖν,

204 1825 256 1893 ὅτι
279 1823 324 1904 ὡς
342 1823 433 1911 άυθη
452 1852 494 1912 με
516 1824 590 1911 εἶχε.
636 1830 824 1912 Δίδυμος
846 1829 885 1894 δέ
906 1848 1027 1915 φησιν,
1056 1829 1108 1896 ὅτι
1129 1827 1276 1919 άτιοκορί
1295 1875 1314 1886 -

203 1952 290 2014 ματα
308 1927 392 2011 πρὸς
413 1941 583 2012 γυναῖκας.
601 1926 754 2015 νιτάριον
774 1928 811 1996 δὲ
832 1927 993 2015 νεόττιου,
1015 1931 1118 1998 οίονελ
1141 1933 1312 2018 κοράσιον.

204 2032 281 2115 (om.
293 2030 360 2115 V.),
384 2031 426 2094 cf.
441 2031 543 2115 Suid„
565 2032 600 2104 in
619 2055 682 2120 quo
697 2034 834 2120 Didymi
855 2031 1029 2119 explicatio
1050 2037 1227 2118 praecedit.
1261 2039 1314 2102 In·

202 2140 385 2196 veteratum
409 2135 589 2218 scripturae
609 2133 724 2196 vitium
745 2136 927 2198 correxisse
950 2132 1014 2196 sibi
1033 2135 1098 2198 visi
1119 2145 1194 2200 sunt
1205 2138 1314 2202 Faber

202 2231 373 2296 Bentleius
394 2233 587 2297 Dindorfius
611 2233 783 2298 scribendo
805 2228 986 2317 νηττάριον
1009 2232 1063 2297 καὶ
1081 2234 1233 2319 φάττιον.
1259 2231 1311 2303 Of.

202 2335 328 2398 interea
352 2335 432 2399 Hes.
459 2331 670 2419 βάττικες·
709 2343 882 2417 γυναῖκες,
915 2337 1066 2399 Βοιωτοί.
1120 2337 1313 2423 Copiosissi-

201 2458 290 2499 mum
309 2435 349 2500 de
371 2435 404 2499 h.
416 2435 437 2498 l.
454 2457 628 2500 excursum
651 2434 753 2500 edidit
776 2433 813 2498 Ο.
832 2433 892 2497 Th.
911 2435 1119 2502 Antonius
1138 2439 1173 2502 in
1185 2460 1312 2525 compa·

203 2537 339 2600 rationis
366 2536 526 2602 librorum
555 2559 723 2602 sacrorum
750 2537 791 2600 V.
822 2535 859 2596 F.
890 2545 921 2600 et
943 2538 1137 2625 scriptorum
1160 2540 1312 2623 profano-

201 2661 274 2702 rum
293 2661 486 2724 graecorum
507 2648 599 2725 parte
618 2639 676 2720 VI,
699 2636 791 2718 (δοιά.
817 2638 896 2702 1829
918 2641 950 2700 4ο
972 2661 1003 2723 p.
1027 2639 1142 2701 2-9..

681 2845 683 2848 “
745 2828 776 2887 4.

286 2941 373 3006 Plut.
410 2944 490 3004 1130
524 2933 742 3017 ἀσκωλίαζ’
778 2937 980 3003 ἐνταῦθα·
1013 2934 1133 3022 ἑορτὴν
1159 2940 1195 3004 οί
1211 2935 1313 3023 Ἀθη-

201 3053 289 3107 ναίοι
312 3032 396 3127 ἦγον
416 3038 456 3105 τά
478 3038 646 3124 άσκάλια,
665 3041 702 3104 ἐν
723 3030 745 3128 ᾖ
769 3036 949 3122 ἐνήλλοντο
972 3051 1041 3116 τοῖς
1062 3034 1177 3118 ἀσκοῖς
1195 3042 1241 3117 είς
1261 3064 1312 3104 τι-

201 3140 269 3227 μὴν
292 3146 354 3207 τοῦ
374 3139 562 3207 Διονύσου.
607 3144 702 3206 δοκεῖ
725 3139 762 3204 δὲ
790 3135 915 3223 ἐχθρὸν
943 3135 1028 3204 εἶναι
1056 3145 1096 3226 τῇ
1117 3136 1251 3228 άμιτέλφ
1274 3136 1311 3206 τὸ

196 3241 294 3332 ζῷον.
324 3240 437 3329 άμέλει
460 3232 524 3306 οὖν
547 3241 601 3307 καὶ
624 3241 813 3326 ἐπίγραμμα
828 3235 964 3326 φέρεται
978 3244 1037 3324 τῆς
1055 3237 1206 3325 άμτέλου
1229 3239 1313 3326 πρὸς

201 3342 264 3430 τὴν
286 3341 363 3428 αἷμα
383 3338 491 3421 οὕτως
513 3344 605 3425 ἔχον·
765 3341 768 3348 ’

286 3441 351 3529 κῆν
371 3468 413 3529 με
434 3439 544 3528 φάνης
566 3442 618 3508 ἐπὶ
641 3443 752 3527 ῥίζαν,
776 3437 865 3524 ὅμως
890 3437 922 3507 δ’
948 3445 995 3508 ἔτι
1018 3441 1268 3526 καρτοφορήσω

287 3543 391 3611 ὅσσον
412 3546 581 3620 ἐπιλεῑψαί
599 3561 664 3627 σοι,
683 3541 795 3627 τράγε,
818 3544 987 3630 θυομένῳ.
1012 3543 1134 3629 (Eueni
1157 3543 1257 3628 sunt.)

200 3643 381 3724 άσκωλίαζε
410 3643 448 3709 δὲ
479 3640 553 3708 ἀντὶ
585 3649 645 3709 τοῦ
679 3640 794 3709 άλλου.
828 3649 848 3724 ξ
882 3646 1017 3726 Κυρίας
1039 3642 1076 3706 δὲ
1099 3638 1310 3708 ἀσκωλιά-

200 3752 289 3827 ζειν
310 3751 426 3831 ἔλεγον
449 3741 486 3811 τὸ
513 3745 565 3809 εἰτλ
587 3751 655 3810 τῶν
682 3740 796 3810 άσκοὸν
818 3739 980 3809 άλλεσθαι
1003 3742 1101 3810 ἕνεκα
1118 3746 1180 3806 τοῦ
1204 3749 1310 3824 μελισ·
1359 3797 1365 3804 .

146 3881 150 3886 ·
200 3861 359 3916 τοαοιεϊν.
405 3848 441 3911 ἐν
463 3848 551 3934 μέσῳ
574 3847 610 3910 δὲ
629 3849 692 3910 τοῦ
712 3842 862 3929 θεάτρου
884 3846 1034 3921 ἐτίθεντο
1053 3839 1178 3919 άσκοάς
1199 3865 1311 3925 πεφυ-

121 3979 134 4002 ·
201 3953 368 4035 σημὲνους
389 3947 444 4013 καὶ
466 3942 703 4031 άληλιμίνους,
726 3948 771 4021 είς
794 3940 854 4025 οὓς
876 3940 1093 4028 ἐναλλόμενοι
1116 3938 1310 4008 ὠλίσθανον

200 4049 355 4132 καθάπερ
377 4044 554 4133 Εὔβουλος
574 4048 610 4111 ἐν
631 4051 803 4132 Δαμαλείμ
825 4046 929 4130 φησὶν
952 4040 1074 4120 οὕτως·
1178 4119 1180 4124 Ι

368 4188 410 4198 -
427 4149 482 4212 καί
502 4145 587 4229 πρός
604 4170 643 4231 γε
665 4145 796 4225 τούτοις
816 4142 922 4212 άσκόν
942 4146 975 4222 ἐς
996 4147 1099 4226 μέσον
1151 4179 1153 4182 -

277 4291 279 4300 ·
367 4248 569 4326 καταθέντες
592 4245 807 4314 είσάλλεσθαι
835 4245 890 4311 καὶ
908 4240 1083 4329 καγχάζετε
