2894 4890
206 345 267 406 238

739 497 791 571 55.

290 627 397 692 Schol.
422 627 537 692 Isthm.
562 632 593 690 A
615 628 656 688 52
675 649 707 712 p.
721 630 783 690 520
806 619 827 690 ἀ
848 649 918 689 νιν
941 616 1232 706 ἐρειδόμενον·
1255 616 1323 706 ἀμ-

205 735 349 815 φίβολον
372 729 411 794 δέ
433 729 513 812 ἐστι,
537 727 641 810 φησίν
663 721 681 790 ό
704 729 911 812 Δίδυμος,
930 723 1075 808 πότερον
1097 719 1157 786 τόν
1176 718 1321 807 Ἡρόδο-

204 857 263 898 τον
282 826 303 916 ἢ
320 828 381 897 τόν
399 825 644 911 Ἀσωπόδωρον
666 827 771 911 λέγει·
795 826 937 894 δόναται
952 823 1016 911 γάρ
1037 819 1090 890 ἐπ’
1116 821 1321 910 ἀμφοτέρων
1410 897 1411 900 ¹

203 929 389 999 ἀκούεσθαι
410 935 625 1017 συντυχία.

289 1038 389 1101 Recte
413 1035 495 1099 alter
520 1032 620 1098 schol.
644 1033 873 1120 Asopodorum
892 1029 1063 1114 intellegit.

736 1224 788 1286 56.

287 1341 332 1406 ib.
354 1344 395 1404 60
418 1375 458 1386 -—
480 1339 613 1421 βέλτιον
642 1339 681 1403 δέ
709 1356 814 1422 φησιν
842 1331 860 1402 ὁ
884 1338 1071 1421 Δίδυμος
1095 1332 1132 1402 τό
1159 1331 1319 1420 εὑρόν-

204 1460 321 1508 τεσσι
356 1437 417 1505 τόν
444 1433 633 1523 ἀγάνορα
660 1438 844 1529 κόμπον,
870 1437 1020 1503 τουτέστι
1048 1433 1109 1504 τόν
1130 1432 1242 1522 ὕμνον
1270 1440 1319 1514 είς
1391 1427 1395 1433 ’

204 1540 284 1620 τοός
295 1541 437 1626 δαπάνη
453 1539 507 1604 καὶ
529 1541 616 1627 ἔργῳ
636 1541 860 1624 κεκτημένους
875 1535 937 1623 την
959 1533 1081 1623 ἀρετὴν
1094 1536 1140 1624 μὴ
1158 1547 1316 1620 φθονεῖν.

204 1640 290 1708 ω’στε
312 1645 366 1707 καὶ
392 1640 452 1705 τόν
475 1641 646 1724 Πίνδαρον
668 1637 713 1725 μὴ
743 1645 815 1706 δεῖν
837 1648 1060 1724 φθονεῖσθαι·
1089 1635 1144 1706 διὰ
1166 1639 1246 1717 τοὺς
1268 1643 1316 1717 είς

204 1745 265 1810 τόν
277 1741 462 1827 Ἡρόδοτον
483 1741 649 1821 ἐπαίνους.
695 1744 786 1826 λέγοι
810 1738 843 1807 δ’
865 1735 907 1806 ἀν
930 1737 1080 1825 ἀγάνορα
1102 1738 1234 1826 κόμπον
1255 1736 1317 1805 τόν

202 1847 239 1911 έκ
262 1849 331 1911 των
359 1841 500 1927 ἀγαθοῖν
523 1845 663 1908 ἔπαινον
683 1839 744 1909 τόν
766 1844 803 1909 έκ
824 1849 894 1910 τῶν
913 1841 1127 1928 ποιημάτων·
1150 1847 1252 1908 τοῦτο
1276 1841 1315 1906 δὲ

202 1946 307 2031 σαφές
328 1946 365 2011 ἐκ
380 1950 442 2012 τοῦ
464 1944 723 2031 ἐπιφερομένου.

735 2135 786 2196 57.

286 2253 331 2318 ib.
359 2257 399 2316 67
429 2252 495 2317 καὶ
518 2247 567 2317 δν
589 2247 741 2327 πόντος
763 2249 925 2333 τρέφει·
954 2248 1153 2334 Χρύσιππος
1173 2247 1234 2315 τόν
1257 2253 1318 2335 έμ-

203 2379 328 2439 πορον,
350 2356 538 2438 Δίδυμος
561 2351 599 2416 δὲ
626 2350 686 2417 τόν
708 2346 803 2416 άλιέα
824 2355 937 2435 φησίν.

286 2456 507 2521 praeferenda
525 2455 670 2541 Didymi..
684 2455 920 2539 interpretatim

732 2624 782 2688 58.

219 2733 221 2738 ’
288 2743 396 2809 Sehol.
416 2743 530 2807 Isthm.
554 2748 582 2808 Β
607 2745 645 2806 19
668 2735 743 2806 οὐκ
765 2733 914 2822 ἀγνῶτ’
940 2733 1082 2804 ἀείδω·
1111 2743 1195 2805 ἔνιοι
1217 2739 1254 2804 δέ
1274 2740 1313 2821 τό

202 2840 367 2929 ἀγνωτα
388 2839 703 2926 προπαροξόνοντες
725 2836 767 2906 οὐ
786 2835 869 2905 κατὰ
892 2838 1105 2924 συναλοιφὴν
1127 2838 1314 2907 ἀκούουσιν

201 2942 274 3010 ἀντὶ
296 2948 359 3008 τοῦ
381 2940 458 3010 οὐκ
479 2938 635 3026 ἀγνῶτι
659 2939 801 3026 ἀείδω,
823 2936 897 3007 ἀλλ’
922 2941 976 3006 ἐπὶ
995 2937 1103 3008 αὐτοῦ
1126 2947 1201 3031 (τοῦ
1215 2967 1313 3026 νικη-

201 3043 328 3130 φόρου)
351 3045 406 3110 καί
427 3048 486 3127 τῆς
505 3039 673 3129 Ἰσθμικῆς
695 3061 778 3127 φασι
801 3046 896 3126 νίκης
911 3043 1022 3127 λέγειν
1038 3039 1153 3110 αὐτόν.
1177 3038 1219 3109 οά
1236 3043 1312 3128 περὶ

200 3140 364 3228 άγνοότων
390 3147 494 3229 φησὶν
519 3140 600 3231 ᾄδω.
644 3141 662 3210 ό
686 3148 706 3210 δ
713 3148 729 3211 ὲ
750 3146 937 3229 Δίδυμος
959 3149 1142 3229 μειοῦσθαί
1168 3164 1251 3230 φησι
1272 3142 1308 3210 τό

201 3241 326 3328 ἀξίωμα
347 3249 409 3309 τοῦ
434 3249 593 3335 ποιητοῦ,
618 3248 649 3309 εί
669 3245 804 3329 μηδέπω
827 3249 890 3310 τοῦ
911 3245 1064 3320 ἐπινίκου
1087 3247 1312 3330 συντεταγμέ-

202 3369 266 3410 νου
285 3341 455 3430 γνώριμός
477 3346 569 3410 ἐστιν
590 3341 611 3430 ἡ
633 3349 695 3410 τοῦ
715 3343 947 3428 Ξενοκράτους
966 3350 1053 3431 νίκη.
1081 3350 1224 3430 ἔμπαλιν
1247 3342 1312 3431 γάρ

202 3440 220 3509 ό
241 3449 412 3530 Πίνδαρος
434 3441 575 3530 ἀφανεῖς
594 3445 649 3513 καὶ
666 3442 809 3526 ἀδόξους
824 3448 928 3531 φησίν
951 3442 1035 3512 εἶναι
1058 3444 1118 3525 τάς
1135 3451 1241 3532 νίκας,
1265 3451 1312 3526 είς

200 3541 239 3624 ἀς
261 3543 363 3626 αὐτὸς
384 3546 490 3632 μηδὲν
512 3549 670 3634 γέγραφε.
714 3551 863 3632 γελοίως.

286 3649 390 3730 ‘Quis
416 3653 577 3733 γελοίωςῖ
624 3651 729 3715 Credo
758 3651 932 3736 Didymus.
985 3650 1036 3715 Of.
1068 3650 1168 3715 schol.
1194 3650 1309 3714 Isthm.

200 3749 253 3814 HI
287 3750 364 3837 (IV)
400 3755 452 3815 47.
487 3755 558 3816 63.’
603 3751 748 3816 Boeckh.
782 3774 814 3836 p.
844 3754 917 3815 526.
946 3789 989 3798 -
1019 3751 1184 3838 Didymus
1211 3752 1312 3835 igitur

201 3844 325 3933 ἀγνῶτι
357 3851 394 3916 ἐκ
426 3850 577 3937 πλήρους
607 3852 702 3936 legit,
731 3851 871 3917 fortasse
905 3851 1083 3916 callistrati
1115 3852 1309 3916 sententiam

199 3953 379 4038 amplexus.

728 4041 779 4103 59.

284 4152 433 4220 Ammon.
465 4155 505 4220 de
534 4153 602 4219 diff.
629 4178 661 4240 p.
685 4158 726 4218 70
748 4154 866 4218 Valck.
891 4159 1069 4239 Θηβαῖοι
1092 4155 1147 4218 καὶ
1169 4157 1311 4236 Θηβα-

199 4265 337 4332 γενεῖς
358 4256 594 4338 διαφέρουσιν,
624 4250 740 4331 καθώς
761 4255 948 4338 Δίδυμος
968 4255 1012 4319 ἐν
1040 4248 1309 4337 ὑπομνήματι
