2812 4868
201 332 241 392 20

201 490 326 578 ρευτὴν
356 487 377 577 ἡ
405 492 520 573 πέρδιξ
544 495 816 576 προκυλινδεῑται
839 488 963 580 αὐτοῦ,
985 496 1200 583 ἐπισπωμένη
1227 496 1312 584 πρὸς

200 594 333 680 ἑαυτήν.
377 590 423 672 ὡς
441 593 479 658 δὲ
504 597 631 670 γίνεται
656 596 732 679 περὶ
758 593 795 661 τὸ
818 591 981 680 ἄγρεῦσαι
1002 593 1127 684 αὐτήν,
1161 603 1196 667 οί
1218 619 1311 668 νεοσ-

199 695 253 764 σοὶ
269 694 469 782 φεύγουσιν,
488 691 557 762 εἶτα
571 696 626 762 καὶ
641 692 725 781 αὐτὴ
741 699 917 783 ὃιαὸρᾶσα,
928 693 1073 784 ὕστερον
1088 697 1214 780 αὐτοὺς
1226 720 1312 769 συν-

199 824 430 989 αγειΗεεγοὶο.
461 900 770 985 ἐκπερδικησαι
798 903 953 989 (Palmer.
984 903 1241 990 ἐκπερδικίσαι)·
1272 905 1308 970 τὸ

198 1007 412 1087 διολισθηναι
431 1001 487 1067 καὶ
509 1004 688 1084 διαδρᾶναι
704 998 771 1067 ἀπὸ
789 1006 858 1066 τοία
877 1006 1046 1085 περδίκων
1061 1011 1303 1124 μεταφορικῶς.

198 1110 397 1187 πανοῦργον
425 1099 489 1186 γὰρ
513 1099 551 1168 τὸ
573 1106 659 1180 ζῶον
682 1103 737 1168 καὶ
759 1101 1000 1186 διαδιδράσκων
1019 1129 1099 1183 τους
1120 1112 1307 1191 θηρῶντας.

199 1207 399 1273 0f.Aelian.
420 1206 453 1270 h.
476 1204 578 1269 a.111
604 1208 653 1268 16.
698 1203 780 1268 Abr.
801 1204 947 1270 Gronov.
975 1208 1142 1274 animadv
1166 1209 1263 1274 adh.
1286 1209 1308 1273 l.

119 1399 122 1406 Ι
196 1334 228 1397 p.
255 1314 347 1374 1005.

283 1508 391 1573 Sehol.
411 1508 470 1572 Ar.
494 1509 580 1574 Plut.
603 1511 675 1572 388.
706 1410 766 1572 cd
772 1508 863 1574 indd.

738 1666 776 1747 2·
828 1679 833 1696 “

465 1774 713 1865 Ἀπορουμένης
732 1781 851 1860 λέξεως
872 1787 944 1846 libri
970 1787 1040 1847 VII.

736 1905 764 1964 i.

280 2000 389 2066 Testis
408 2007 458 2064 est
477 2023 561 2064 unus
582 1999 742 2087 Harpoer.
761 2007 811 2087 54,
834 2004 873 2065 25
895 1999 1116 2088 Δερμηστη
1124 2027 1156 2081 ς·
1181 2007 1308 2082 Λυσίας

195 2103 233 2167 ἐν
252 2105 299 2191 τῷ
315 2096 399 2185 πρὸς
414 2097 601 2184 Εὐπείθην.
631 2103 820 2185 Δίδυμος
842 2101 904 2186 μὲν
926 2097 1111 2169 ἀποδίδωσι
1134 2100 1195 2169 τὸν
1217 2103 1308 2171 σκαί-

194 2211 279 2290 ληκα
302 2199 391 2270 οὕτω
411 2205 568 2285 λέγεσθαι
591 2207 637 2291 τῷ
659 2209 833 2287 Σοφοκλεῖ
856 2205 893 2268 ἐν
915 2204 1027 2292 Νιόβη
1045 2206 1082 2270 ἐν
1110 2209 1203 2290 ζτῆς
1221 2202 1307 2272 ἀπο-

195 2307 362 2390 ρουμένης
373 2307 500 2383 λέξεως.
516 2300 726 2391 Ἀρίσταρχος
744 2304 780 2370 δὲ
800 2301 836 2370 τό
857 2303 1070 2388 Σοφόκλειον
1085 2306 1307 2391 ἐξηγούμενος

194 2404 254 2474 τὸν
275 2405 358 2492 ὅφιν
380 2402 541 2474 ἆπέδωιτε.
573 2404 700 2492 μήποτε
723 2407 760 2472 δὲ
782 2410 910 2490 μᾶλλον
933 2399 975 2471 dv
995 2413 1046 2490 είη
1063 2402 1154 2486 ὅστις
1172 2405 1211 2473 τί
1228 2411 1306 2495 δέρ-

193 2533 279 2594 ματα
301 2509 407 2576 ἐσθίει
430 2508 631 2594 δερμηστής,
664 2503 709 2585 ὡς
730 2503 993 2591 ὑποσημαίνεται
1014 2507 1069 2574 καὶ
1092 2509 1129 2574 ἐν
1149 2536 1169 2588 ς
1192 2517 1306 2594 Μιλη-

193 2608 763 2697 σιακωνἈριστείδουε-Ηοεγοὶι,
788 2610 1036 2694 δερμηστής·
1062 2605 1230 2696 ὁσκαίληξ
1249 2607 1305 2696 ἢὸ

192 2712 275 2793 σκύς
296 2715 450 2802 (Palmer.
471 2713 543 2778 ‘vel
564 2708 625 2795 σὴς
641 2714 705 2796 leg.
725 2712 779 2776 vel
797 2713 880 2799 κίς’)
903 2706 920 2776 ὁ
940 2709 979 2778 τὰ
999 2715 1146 2796 δέρματα
1166 2715 1304 2780 ἐσθίων.

189 2813 400 2901 Ἀρίσταρχος
423 2810 532 2892 ὅψεως
552 2808 645 2896 ὅφιν.

275 2920 320 2982 Η.
339 2917 360 2980 l.
384 2911 493 2993 ὅψεως
511 2915 685 2980 delendum
701 2923 759 2997 est,
782 2915 1025 3003 essquentibus
1037 2916 1177 2997 Δέρξιος
1195 2911 1305 2995 ὅψεως

190 3039 362 3104 perperam
382 3017 548 3097 iteratum,
572 3016 636 3078 nisi
655 3015 736 3079 duce
752 3014 817 3079 lex.
834 3014 968 3100 Ssgusr.
991 3018 1025 3079 in
1040 3016 1149 3080 Bekk.
1165 3018 1303 3083 anecdd.

191 3119 208 3182 Ι
229 3121 301 3201 240,
320 3122 357 3180 15
381 3116 700 3202 extremaHesychii
718 3116 821 3180 verba
841 3117 928 3181 hunc
943 3119 977 3181 in
993 3118 1124 3183 modum
1139 3120 1304 3203 corrigere

191 3221 295 3284 mavis
317 3213 428 3302 ὄφεως
445 3211 532 3296 εἶδος
546 3209 567 3300 ἢ
583 3212 675 3300 ὅφιν.
706 3217 1048 3304 ‘Harpocrationem’‚
1068 3229 1104 3283 ut
1120 3241 1193 3308 cum
1209 3220 1248 3284 F.
1261 3221 1302 3285 V.

190 3320 371 3384 Fritzschio
394 3320 508 3406 loquar
536 3320 584 3406 (in
608 3318 748 3405 epistula
770 3320 810 3398 ds
833 3318 1005 3406 Sophoclis
1026 3321 1132 3386 Niobe
1157 3321 1200 3384 ad
1221 3321 1303 3385 Bur-

190 3423 377 3485 meistsrum
393 3422 469 3486 data
482 3445 514 3507 p.
529 3421 583 3507 43)
608 3422 758 3484 ‘minime
776 3433 964 3508 perceptum
980 3422 1197 3509 compilarunt
1210 3422 1301 3487 Suid.

191 3548 216 3587 s.
239 3547 269 3588 v.
305 3531 337 3586 et
369 3531 410 3587 et.
440 3545 483 3587 m.
512 3525 572 3586 257
602 3525 710 3605 (233),
742 3525 782 3588 36
825 3527 951 3602 Λυσίας
977 3523 1040 3609 μὲν
1063 3518 1123 3587 τὸν
1146 3520 1303 3608 σκώληκά

189 3643 295 3708 φησιν
314 3618 403 3688 οὕτω
426 3623 595 3706 λέγεσθαι,
613 3618 679 3706 Ἀρ.
703 3624 740 3689 δὲ
762 3621 823 3690 τὸν
845 3622 938 3710 ὅφιν.
977 3631 1027 3710 εἴη
1050 3619 1083 3690 d’
1108 3617 1150 3689 dv
1172 3630 1302 3708 μᾶλλον

189 3719 273 3789 (ivd
302 3725 447 3807 δέρματα
472 3724 606 3789 ἐσθίων.
648 3723 685 3789 ἐκ
706 3731 768 3791 τοῦ
790 3728 878 3791 ἔδω)
925 3727 1006 3792 Cum
1032 3726 1154 3791 Suidae
1179 3728 1301 3810 verbis,

189 3848 272 3912 quae
296 3828 330 3889 in
351 3826 415 3889 fine
439 3826 566 3891 addidit
586 3867 628 3876 -
648 3826 860 3912 ἐτυμώτερον
880 3824 969 3893 οὕτω
993 3825 1201 3944 καλούμενος
1222 3829 1303 3894 facit

190 3930 286 3992 stiam
312 3929 383 3992 eod.
417 3949 512 3993 mser.
534 3929 693 4016 Haipoer.
718 3931 823 3995 Palas.
847 3934 907 3995 375
924 3931 954 3993 Ε
980 3930 1124 3994 omnium
1145 3932 1300 4017 antiquis-

188 4031 299 4114 simus,
319 4030 384 4093 nisi
404 4029 529 4116 quod
513 4031 732 4116 ετοιμώτερον
749 4033 887 4130 prpclivi
904 4031 1031 4095 librarii
1046 4029 1140 4116 lapsu
1156 4031 1299 4095 exhibet.

187 4131 279 4195 Idem
302 4132 432 4236 scripsit
452 4130 660 4217 δερμαιστής.
684 4124 829 4199 voluitne
848 4130 1065 4216 δερματιστής
1086 4120 1126 4197 h.
1129 4155 1157 4196 e
1175 4134 1300 4215 δερμα-

187 4229 316 4316 τηστης,
337 4242 374 4298 ut
392 4235 497 4298 estin
511 4235 583 4299 sod.
597 4235 742 4300 Darmst.
767 4235 810 4320 (N
812 4234 851 4321 )?
873 4234 924 4300 Αο
937 4234 1169 4318 grammaticus
1185 4233 1241 4298 ille
1257 4231 1299 4298 ab
