2752 4890
117 103 175 164 434
572 101 771 161 -Θ-

115 268 326 349 ιστοροῦμεν.
386 265 550 350 Didymus
586 259 668 330 οάόὲ
701 261 790 347 παρά
822 263 1002 350 Ζηνοόότςο
1031 253 1130 347 ἦσαν.
1186 264 1227 326 L.

115 366 389 434 Friedlaenderus
412 375 445 432 et
465 364 619 432 hocloco
642 374 674 431 et
696 368 769 432 385.
790 369 864 432 528.
880 370 941 430 557
957 365 1146 430 Aristonico
1169 387 1231 430 suo

113 480 217 538 totum
239 468 386 536 scholion
406 467 569 550 vindicat,
591 469 699 532 minus
721 476 837 551 caute.
854 475 891 533 ut
912 472 935 534 Ι
958 470 1010 534 23.
1033 469 1085 531 24.
1109 468 1150 530 25
1172 466 1229 531 de-

114 572 227 638 clarat.
273 570 342 636 Nec
363 591 430 635 non
451 574 475 635 I
496 573 569 634 416.
593 571 655 634 668
682 573 713 634 Κ
740 572 801 634 497
829 573 866 634 Ν
891 571 952 634 808
981 569 1153 634 nobiscum
1180 567 1232 632 fa·

114 676 169 742 cit.
201 673 322 761 Atque
339 694 456 738 versus
476 679 644 760 suspectos
665 694 686 736 a
706 671 851 758 Didymo
876 694 941 738 non
963 673 1033 736 sine
1054 671 1158 736 verbo
1181 670 1231 735 di-

113 777 231 842 missos
258 796 331 840 esse
362 779 462 840 testes
495 783 571 840 sunt
596 775 747 862 inprimis
779 773 880 838 schol.
909 777 937 838 0
966 776 1018 838 33=
1045 778 1080 838 11
1107 774 1170 837 668
1204 775 1234 836 Τ

116 881 178 945 327
201 880 235 942 ,Ω
258 878 331 941 269.

200 996 286 1074 [378.
307 988 519 1077 Ἀρίσταρχος
542 991 827 1077 προφανέντε,
847 985 892 1070 ὡς
908 991 1083 1076 πληγέντε
1103 1013 1230 1076 κεραυ-

114 1102 177 1186 νῷ’
198 1097 290 1184 (455)
310 1096 449 1172 Actaeis·
479 1090 496 1160 ό
519 1091 556 1160 ot
577 1091 767 1178 Ζηνόδοτος
788 1089 965 1179 γηθήσει
993 1096 1231 1179 προφανεί-

115 1217 193 1276 σας
215 1193 316 1264 ίόιάν
338 1198 378 1275 ές
400 1198 561 1263 δοῦπον
583 1191 792 1280 ἀκόντων,
813 1195 1005 1260 συστέλλων
1026 1191 1089 1278 τὴν
1112 1201 1230 1260 τελευ-

118 1302 234 1383 ταίαν,
266 1294 504 1383 παροξυτόνως
528 1294 782 1383 προφερόμενος
809 1291 882 1380 μετ’
914 1295 1078 1376 ἐκτάσεως
1107 1301 1171 1362 τοῦ
1197 1323 1225 1362 α.

117 1404 186 1467 έστι
211 1400 249 1468 σὲ
262 1394 410 1483 άκρατον
433 1395 582 1485 Δτόριον,
606 1392 651 1476 ὡς
672 1394 709 1463 τό
738 1397 889 1482 *λαγέτας
914 1397 1033 1476 υίούς.’
1078 1397 1226 1487 (Pindar.

117 1501 170 1569 Ol.
193 1503 287 1586 189)
312 1500 365 1578 V.]
388 1498 534 1566 σπάνιον
556 1501 593 1566 δὲ
614 1503 748 1566 τοιοῦτο
772 1496 862 1582 παρά
883 1503 929 1587 τῷ
948 1505 1078 1586 ποιητῇ.
1101 1501 1143 1566 A.

202 1621 274 1684 385.
305 1617 512 1684 Aristonicus
546 1615 749 1687 άθετοῦνται
782 1654 825 1668 -
854 1621 1066 1703 παντευχίαν.
1122 1618 1227 1707 Didy-

116 1743 188 1787 mus
234 1715 349 1805 ἠθέτει
386 1717 423 1784 δέ
455 1721 511 1786 καί
547 1715 797 1814 Ἀριστοφάνης.
855 1718 1044 1804 Ζηνόδοτος
1077 1715 1115 1786 δέ
1147 1717 1227 1787 οὐδὲ

117 1826 275 1908 ἔγραφεν.
297 1825 338 1886 A.
1220 1863 1222 1866 -

157 1961 159 1965 ·
202 1926 275 1989 389.
297 1928 503 2008 Πτολεμαῖος
523 1919 541 1989 ὁ
563 1928 625 1990 τοῦ
634 1919 819 2008 Ὀροάνόου
834 1923 870 1988 ἐν
890 1927 936 2011 τῷ
950 1923 1026 2009 περὶ
1048 1927 1110 1988 τοῦ
1127 1917 1228 2009 Ὁμη-

117 2028 217 2109 ρικοῦ
235 2029 442 2110 χαρακτῆρος
460 2020 516 2091 διά
535 2029 597 2091 τοῦ
614 2051 637 2090 υ
657 2025 861 2110 προφέρεται
882 2022 1040 2104 λάζυτο.
1063 2025 1118 2091 καὶ
1139 2029 1229 2092 ἔστιν
1301 2111 1303 2116 .

118 2122 181 2192 οὐκ
204 2122 404 2212 άόόκιμοςόχ
426 2124 549 2212 γραφή.
571 2127 645 2192 AV.

202 2231 275 2292 405.
296 2223 402 2294 ἕλκε’
431 2223 782 2313 ἀπαλθήσεσθον·
810 2226 847 2291 ἐν
875 2233 915 2315 τῇ
937 2226 1031 2316 ἑτέρᾳ
1052 2231 1122 2293 τεόν
1140 2224 1227 2314 Ἀρι-

118 2325 264 2412 στάρχου
285 2323 390 2395 ’ἕλκε’
414 2323 750 2413 άπαλθησονται.
774 2328 828 2394 καί
849 2327 976 2413 μήποτε
999 2339 1167 2413 κρεῖττον·
1190 2326 1230 2395 τά

117 2427 197 2524 ἕλκη
219 2425 484 2516 άπαλθήσονται.
507 2430 549 2495 A.

202 2535 275 2597 408.
296 2526 524 2616 Ἀρίσταρχος·
547 2527 639 2595 ὅττι
660 2554 732 2596 κεν
756 2537 867 2596 alnoo.
892 2532 933 2598 A.

202 2654 263 2713 415
286 2688 328 2698 -
348 2651 384 2715 αί
403 2649 440 2716 δὲ
466 2645 684 2733 Ἀριστάρχου
712 2645 768 2715 διά
788 2653 850 2715 τοῦ
869 2674 909 2735 η,
938 2639 960 2738 ἦ
980 2651 1115 2717 τελέει
1138 2675 1229 2737 περ·

117 2748 172 2814 καὶ
194 2746 258 2833 γάρ
274 2744 293 2813 ὁ
307 2747 393 2828 Ζεάς
408 2767 507 2835 φησι·
532 2748 570 2816 τό
591 2749 628 2816 δὲ
648 2749 704 2816 καί
719 2751 954 2836 τετελεσμένον
975 2753 1075 2818 ἔσται.
1098 2753 1229 2833 A[BL.]

80 2868 86 2878 '
201 2853 275 2934 423.
295 2845 416 2930 άόεὲς
439 2848 486 2916 δι’
511 2846 585 2930 ἑνός
607 2855 629 2918 δ
651 2846 908 2937 όἈρίσταρχος.
932 2855 974 2919 A.

201 2972 274 3034 428.
300 2964 423 3047 άλλως·
448 2964 524 3048 [ότι]
553 2964 661 3048 οὕτως
684 2973 760 3036 voit
780 2970 880 3054 χωρὶς
895 2977 956 3038 τοῦ
971 2997 1003 3038 ν.
1028 2973 1070 3038 A.
1107 2975 1232 3041 Delen-

117 3073 194 3137 dum
218 3094 289 3136 esse
317 3064 369 3136 ότι
392 3078 527 3157 apparet
549 3071 642 3156 inde,
672 3071 759 3158 quod
789 3081 819 3137 et
843 3069 951 3153 οὕτως
973 3078 1135 3164 sequitur,
1165 3101 1231 3166 quo

116 3171 277 3238 vocabulo
294 3172 336 3238 ad
351 3171 532 3260 Didymum
546 3173 713 3256 trahimur,
734 3181 766 3238 et
784 3175 894 3262 diplen
910 3179 1049 3264 positam
1065 3177 1169 3242 fuisse
1183 3179 1231 3242 af-

115 3273 223 3338 firmat
244 3274 451 3339 Aristonicus
473 3274 507 3336 in
536 3273 751 3361 praecedente
775 3276 891 3341 scholii
913 3287 1015 3364 parte,
1039 3277 1127 3366 quod
1150 3302 1231 3345 non-

116 3373 199 3439 nulli
217 3378 411 3468 soripturam
434 3380 517 3438 νώῑν
538 3375 821 3463 amplecterentur.

201 3499 273 3559 441.
298 3489 405 3571 οὕτως
426 3489 635 3579 Ἀρίσταρχος
657 3499 848 3579 βωμοῖσι.
867 3497 909 3562 Α.

201 3599 273 3660 449.
297 3607 435 3661 τοῑσιν
458 3591 601 3662 κότον·
620 3589 831 3682 Ἀρίσταρχος
853 3607 972 3663 τοῖον
993 3594 1147 3684 κότον,
1175 3599 1232 3664 καὶ

117 3697 182 3780 ἔχει
202 3692 278 3762 τινά
298 3700 454 3781 ἔμφασιν.
475 3697 517 3762 Α.

199 3818 272 3879 513.
302 3812 479 3882 τούτων·
514 3819 746 3900 Παρμενίσκος
768 3815 806 3880 ἐν
826 3821 873 3904 τῷ
900 3815 928 3886 α’
957 3813 1042 3901 πρός
1065 3815 1228 3903 Κράτητα

117 3911 162 3993 ὡς
179 3910 426 3999 Ἀριστάρχειον
445 3912 582 4000 γραφὴν
605 3917 809 4002 προφέρεται
829 3909 918 3982 κείν
929 3941 995 3984 ων.
1014 3921 1057 3986 A.

202 4019 238 4084 αί
255 4013 518 4102 Ἀριστοφάνους
541 4016 699 4082 πέσσοι.
721 4018 763 4082 A.
