2752 4890
593 381 790 444 —-Z—-
1188 383 1246 448 129

135 543 200 631 τὴν
227 542 363 632 γραφὴν
390 539 501 632 εὑρών
529 546 710 634 ένίιιρινεν.
760 545 873 632 Χάρης
904 542 941 612 δὲ
963 544 1086 631 γράφει
1109 558 1246 638 εμεσση-

135 645 198 734 γὺς
221 659 383 733 ποταμοῖο
405 645 635 732 Σκαμάνδρου
658 647 713 716 καὶ
734 646 940 735 Σιμόεντος.’
963 648 1074 728 BLV.]

221 771 285 846 [10.
302 763 391 845 τινες
412 763 449 834 τό
471 765 649 852 μετοίσω
668 769 824 862 δυίιιοῐςῂ
841 768 896 836 καί
915 762 1063 855 άλλαχοῦ
1089 770 1154 856 γάρ
1177 795 1245 858 φη-

134 886 191 936 σιν
210 869 302 955 (ἐμῆς
323 865 475 954 κόρυδος
496 865 677 935 λεύσσουσι
706 869 852 953 μέτωπά
876 871 932 957 (11.
962 876 999 938 11
1021 873 1075 957 70)
1098 872 1244 957 BDLV.]
1287 912 1291 919 ·

220 993 271 1052 54.
304 982 464 1064 άντίος·
495 982 605 1064 οὕτως
623 981 834 1072 Ἀρίσταρχος
859 984 916 1055 διά
937 993 1000 1054 τοῦ
1021 1007 1053 1072 σ,
1082 987 1177 1057 άλλοι
1207 990 1244 1057 δὲ

134 1085 190 1155 διά
213 1091 275 1154 τοό
289 1113 319 1154 ν.
341 1089 394 1173 Α,
418 1089 460 1154 ef.
477 1090 527 1172 Β,
549 1091 605 1175 qui
620 1089 781 1154 vocabulo
802 1085 897 1157 άλλοι
917 1091 1085 1157 substituit
1097 1093 1244 1160 Zenodor

133 1200 202 1257 tum
225 1200 257 1256 et
278 1191 380 1257 adicit
402 1211 572 1256 censuram
592 1189 727 1255 brevem
749 1185 843 1258 διιαὶ
861 1186 1013 1277 ἄμεινον.

221 1297 272 1358 71.
294 1292 381 1378 Vide
397 1314 496 1379 supra
516 1314 548 1376 p.
575 1297 645 1358 114.

221 1414 271 1476 76.
293 1406 566 1475 οἰωνοπόλων
585 1403 636 1495 ὄχ’
662 1405 849 1494 άριστος·
872 1407 1068 1498 Ἀμμώνιος,
1090 1407 1135 1490 ὥς
1153 1408 1243 1498 Ἀρί-

134 1530 286 1598 σταρχος,
309 1511 511 1595 προφέρεται
532 1509 588 1576 καὶ
610 1509 736 1596 ταύτην
762 1508 1001 1600 τὴυγραφήν,
1030 1515 1183 1600 μάντις
1210 1512 1240 1582 τ’

134 1609 399 1691 οίωνοπόλος
421 1635 470 1677 τε.
496 1613 598 1696 ἔργον
618 1611 655 1678 δὲ
675 1610 712 1679 τδ
735 1612 840 1698 σαφὲς
859 1619 980 1682 είπείν·
1005 1614 1057 1684 διό
1076 1620 1185 1702 διχολς.
1201 1620 1241 1683 A.

135 1717 228 1782 corr.
252 1709 297 1792 τός
310 1709 556 1798 Ἀριστάρχειον
578 1715 790 1801 προφέρεται,
812 1718 887 1783 coll.
910 1722 939 1783 Θ
961 1721 1033 1785 513.

220 1819 270 1882 96.
296 1822 341 1880 at
355 1838 441 1880 κεν·
459 1809 671 1900 Ἀρίσταρχος
699 1812 751 1897 οἷςΙ
773 1843 855 1885 κεν.
878 1822 920 1886 A.

222 1921 292 1983 113.
316 1919 416 2000 διχῶς
432 1911 653 2003 Ἀρίσταρχος,
676 1918 731 1984 καί
753 1917 808 1986 διά
827 1926 890 1987 τοῦ
907 1922 956 2005 κε’,
978 1917 1089 2006 ὄφρα
1109 1916 1137 1987 α’
1154 1918 1242 2007 ἐγώ,

134 2020 189 2086 καί
208 2014 265 2086 διά
288 2022 350 2084 τοῦ
373 2013 430 2083 άυ.
454 2019 495 2084 Α.

221 2124 294 2200 121.
316 2117 506 2205 Ζηνόδοτος
518 2121 573 2185 καί
589 2115 832 2205 Ἀριστοφάνης
844 2123 967 2202 turnus
986 2126 1000 2190 ί
1006 2122 1112 2191 όυτε.
1146 2124 1183 2190 έν
1204 2124 1242 2200 δὲ

133 2235 204 2302 τοῖς
238 2225 433 2307 ἔμπροσθεν
464 2219 643 2305 εἰρήκαμεν
667 2214 885 2307 Ἀριστάρχου
913 2220 998 2292 εἶναι
1026 2223 1088 2310 τὴν
1120 2222 1242 2310 δυίκὴν

119 2321 284 2410 νεανία·
305 2323 348 2387 Α·
371 2321 471 2412 (LV.)

221 2427 291 2490 128.
326 2419 435 2502 οὕτως
452 2419 681 2508 Ἀρίσταρχος,
704 2415 777 2490 οἷον
799 2385 1027 2513 ααταβίβητας
1049 2424 1110 2502 τόν
1133 2424 1239 2516 οόρα-

134 2527 208 2596 νόν.
232 2524 284 2594 διό
309 2525 365 2594 διά
386 2531 448 2593 τοῦ
468 2549 489 2590 ν
509 2523 632 2610 γράφει
654 2519 738 2590 κατ’
763 2523 959 2614 οὐρανόν.
981 2530 1023 2594 Α.
1125 2581 1129 2586 .

221 2652 291 2712 155.
310 2641 423 2723 Ἰακως
441 2641 478 2711 τό
502 2647 646 2710 τίκτεν
660 2638 881 2730 Ἀρίσταρχος.
903 2647 946 2712 A.

221 2753 292 2814 157.
313 2745 522 2833 Ἀρίσταρχος
540 2739 653 2822 Ἰαιιιῖς
675 2742 778 2811 κατὰ
800 2746 964 2835 μήσατο.
989 2751 1031 2816 A.

220 2854 290 2916 159.
315 2847 393 2936 γάρ
418 2873 507 2933 μιν·
530 2848 693 2935 γράφεται
715 2850 792 2937 γάρ
814 2854 862 2918 ολ.
884 2854 926 2918 A.

221 2957 291 3019 170.
314 2947 516 3036 ἡνάγειν·
539 2947 647 3032 οὕτως
667 2949 734 3026 σόν
751 2958 797 3042 τςό
819 2979 840 3019 ν
860 2949 1044 3039 ἠνώγειν
1069 2948 1242 3040 Ἀρίσταρ-

134 3079 206 3139 χος·
229 3048 416 3138 ἠνώγειν
438 3049 512 3139 γάρ.
535 3055 576 3119 Α.

221 3160 290 3219 171.
312 3149 331 3220 ό
351 3149 454 3234 Ἰξίων
475 3156 514 3220 έν
534 3161 581 3244 τῷ
594 3152 716 3246 πρότῳ
731 3161 777 3246 τῷ
797 3153 881 3243 πρός
898 3151 957 3234 τὰς
971 3151 1142 3241 ἐξηγήσεις
1157 3178 1242 3243 προ-

135 3259 272 3343 φέρεται
299 3251 381 3342 μετ’
406 3251 603 3342 άμόμονι.
625 3259 667 3323 Α.

221 3363 290 3423 174.
310 3353 520 3450 Ἀρίσταρχος
542 3358 598 3424 καὶ
620 3362 807 3437 ξείνισσε
823 3355 883 3428 ’ταί
906 3361 1068 3444 ξείνιζε.
1091 3360 1132 3424 A.

220 3463 291 3524 187.
314 3453 601 3550 ἀνερχομένῳ·
623 3456 731 3539 οὕτως
749 3455 976 3547 Ἀρίσταρχος,
1007 3455 1102 3528 άλλοι
1122 3459 1161 3528 δὲ
1182 3459 1238 3540 διά

133 3564 194 3629 τοό
217 3559 527 3651 εέπερχομένφ.
551 3563 592 3629 Α.
616 3562 750 3650 (desipit
770 3562 826 3650 V.)

218 3683 290 3746 248.
314 3675 405 3763 παρ’
431 3681 595 3767 αίδοίχς
622 3675 858 3764 ἀλόχοισιν·
904 3676 1013 3759 οὕτως
1032 3674 1242 3768 Ἀρίσταρχος

134 3777 228 3866 παρ’
255 3782 426 3868 αίδοίχς.
451 3781 488 3848 ἐν
510 3777 600 3870 άλλρι
626 3779 733 3868 παρά
755 3787 949 3872 μνηστῇς.
972 3783 1014 3848 Α.

220 3903 292 3966 266.
314 3894 575 3968 ἀνίπτοισιν·
604 3897 712 3980 οὕτως
730 3897 951 3987 Ἀρίσταρχος,
980 3895 998 3966 ό
1022 3897 1058 3965 δὲ
1077 3894 1242 3987 Ἡρφδια-

134 4000 192 4081 νὸς
212 4002 257 4090 (7)
282 3996 338 4066 διά
358 4006 420 4067 τοῦ
438 3996 659 4089 ηάνίπτγσιν.
686 4006 729 4067 A.
772 4003 801 4067 E
825 4011 979 4092 sequente
1002 3999 1124 4066 scholio
1145 4022 1242 4086 uppa-

133 4113 182 4169 ret
203 4125 263 4192 pro
282 4103 473 4169 Herodiano
494 4106 730 4171 restituendum
754 4129 826 4170 esse
841 4102 1059 4170 Zenodotum:
1083 4123 1165 4187 quae
1187 4122 1242 4165 no-

133 4207 221 4270 mina
239 4205 401 4292 quomodo
423 4205 581 4271 confundi
602 4208 767 4293 potuerint
789 4231 807 4272 e
829 4203 1061 4292 compendiosa
1082 4201 1243 4288 scriptura

134 4306 326 4394 explicatur.
377 4304 417 4372 δέ
442 4309 529 4372 enim
555 4303 586 4371 et
614 4307 756 4385 §.facile
783 4313 1017 4395 permutantur.
1051 4303 1174 4393 ¹Itaque
1196 4303 1242 4384 fit,

181 4433 341 4474 υιοευυε.
1016 4401 1035 4462 9
