2752 4890
177 371 216 434 84

716 542 727 598 1

209 685 211 688 ·
262 656 421 741 Hsrposr.
437 648 538 736 134,2
557 655 607 719 ed.
621 653 730 718 Bekk.
753 655 1031 736 ξηραλοιφεῖν
1045 655 1175 738 ἐλέγετο
1195 659 1298 739 χωρὶς

177 759 331 838 λουτρών
354 749 565 836 ἀλείφεσθαι,
586 747 631 830 ώς
651 754 844 836 Δίδυμος
870 752 908 816 ἐν
931 755 1063 840 εἰκοστῇ
1084 750 1190 842 ὀγδόη
1213 781 1296 839 τρα-

178 860 275 940 γικῆς
306 856 434 933 λέξεως.
485 854 631 940 Hesyoh.
663 854 697 918 II
726 858 787 919 703
821 853 1087 936 ξηράλειίιιν·
1122 852 1160 922 τὸ
1195 857 1296 942 χωρίς

177 962 324 1043 λουτροῦ
362 954 563 1040 ἀλείφεσθαι
600 951 621 1040 ἢ
655 960 937 1040 ξηροτριβείσθαι.
989 957 1219 1023 Emendabant
1251 962 1293 1024 H.

180 1057 292 1146 steph.
316 1059 433 1122 Heins.
457 1056 611 1122 Bourdel.
635 1056 677 1120 ad
699 1055 835 1120 Luoian.
859 1056 999 1144 Lexiph.
1022 1058 1077 1121 t.1
1095 1082 1127 1145 p.
1141 1061 1202 1124 823
1223 1083 1295 1147 pro·

178 1158 276 1222 bonte
292 1157 329 1220 F.
343 1156 474 1221 Rankio
495 1155 626 1220 deHes.
645 1176 677 1240 p.
696 1156 754 1217 134
776 1154 921 1220 Lobeok.
941 1156 1064 1244 Phryn.
1082 1180 1115 1243 p.
1133 1163 1206 1223 571.
1221 1163 1294 1226 572.

177 1254 263 1320 Vide
301 1266 486 1342 praetores,
522 1276 562 1318 ne
595 1273 751 1317 maneum
775 1251 953 1317 habeamus
987 1252 1294 1340 Harpocrationem.

179 1356 297 1420 Suidas
321 1357 452 1443 quidem
474 1356 535 1419 111
561 1378 592 1442 p.
610 1356 700 1437 1038,
723 1358 760 1418 19
783 1354 875 1418 addit
894 1351 1021 1437 μήποτε
1044 1354 1080 1420 δὲ
1102 1356 1157 1421 καὶ
1173 1352 1210 1422 τὸ
1229 1352 1294 1422 ἀπὸ

179 1462 247 1523 τών
277 1453 444 1523 ἀλειπτῶν
476 1454 661 1541 λεγόμενον
700 1457 972 1539 ξηροτριβείσθαι
1007 1453 1115 1533 ούτώς
1151 1459 1292 1542 ἐλεγέτο.

180 1559 338 1624 Extrema
361 1559 460 1634 hoec,
495 1579 690 1644 quamquam
720 1579 782 1621 om.
814 1559 860 1639 A,
892 1565 1003 1622 tenent
1025 1558 1143 1645 reliqui
1163 1559 1241 1624 libri
1264 1570 1295 1624 et

179 1661 274 1726 Phot.
288 1664 359 1743 309,
372 1666 402 1724 5.
433 1660 517 1726 Cum
535 1660 680 1747 Didymo
700 1659 780 1723 facit
799 1659 864 1723 lex.
889 1658 998 1723 Bekk.
1023 1661 1094 1743 284,
1118 1665 1155 1725 13
1179 1679 1294 1748 parum

179 1763 244 1829 sibi
262 1773 416 1828 constans
430 1765 502 1846 284,
523 1767 536 1824 1
561 1761 635 1826 ooll.
660 1771 702 1826 ot.
725 1784 767 1824 m.
792 1763 863 1844 612,
887 1762 926 1824 20
950 1761 1051 1825 schol.
1070 1762 1207 1827 Lucian.
1227 1766 1248 1827 l.
1266 1787 1293 1827 o.
1336 1843 1338 1846 Ι

180 1867 301 1951 Georg.
328 1865 449 1952 Leoap.
479 1867 512 1928 in
539 1864 654 1928 Motth.
682 1863 769 1928 lectt.
798 1863 902 1950 Mosq.
930 1887 961 1950 p.
988 1867 1028 1927 72
1062 1864 1217 1930 Schneid.
1253 1867 1292 1930 sd

180 1966 343 2054 Theophr.
368 1966 416 2031 IV
437 1969 498 2031 769
518 1965 688 2052 Wyttonb.
709 1964 795 2029 Plut.
820 1964 870 2030 VI
891 1987 923 2050 p.
946 1967 1019 2028 950.

723 2122 753 2183 2.

264 2239 416 2305 Eundem
443 2238 578 2320 librum,
607 2259 703 2323 quern
731 2231 894 2320 τραγικὴν
917 2239 1005 2316 λέξιν
1023 2239 1217 2325 inscriptum
1240 2241 1295 2304 ha-

179 2344 251 2420 buit
278 2337 515 2428 Hippocratis,
551 2338 830 2427 τραγῳδουμίνης
859 2339 977 2417 λέξεως
1005 2342 1219 2428 inscriptione
1249 2346 1296 2408 in-

180 2447 336 2530 signitum
364 2444 516 2508 evolvere
540 2443 634 2507 licuit
661 2440 829 2506 Macrobio
855 2440 923 2506 Sat.
952 2442 983 2507 V
1014 2445 1050 2507 18
1089 2448 1172 2514 {Cur
1197 2462 1295 2510 ortem

178 2555 222 2632 stc
249 2555 331 2627 loqur·
357 2552 435 2611 solttr'
454 2552 527 2621 sint,
554 2549 709 2624 Ephorus,
743 2551 909 2608 notissimos
932 2553 1061 2626 scriptor
1092 2552 1295 2627 historiarum,

178 2655 254 2724 libro
280 2654 319 2715 ΙΙ
344 2653 469 2716 ostendit
491 2653 538 2712 ίιίε
558 2652 671 2724 ναίω,
706 2656 775 2722 τοῖς
805 2642 867 2729 μὲν
896 2636 960 2712 ούν
989 2642 1102 2728 ἀλλοις
1133 2663 1295 2734 ποταμοῖς

180 2754 215 2816 οί
243 2749 468 2836 πλησιόχωροι
508 2746 615 2834 μόνον
645 2745 790 2814 θύουσι·
831 2745 892 2814 τὸν
923 2748 960 2815 δὲ
990 2743 1153 2840 Ἀχελρῦου
1186 2749 1295 2836 μόνον

179 2849 329 2930 ἅπαντας
350 2847 555 2935 ἀνθρώπους
578 2851 769 2937 συμβέβηκε
790 2854 892 2935 τιμάν
910 2846 952 2917 ού
975 2863 1044 2929 τοῖς
1063 2867 1200 2932 κοινοῖς
1213 2851 1295 2923 ὀνό-

162 2973 281 3039 ,μασιυ
304 2950 378 3019 ἀντὶ
403 2955 605 3036 τώνίδίων,
631 2957 693 3018 τού
711 2947 876 3042 Ἀχελῴου
904 2951 965 3038 τὴν
989 2957 1078 3020 ίδίαν
1097 2956 1294 3044 ἐπωνυμίαν

181 3057 234 3122 ἐπὶ
256 3051 291 3121 τὰ
317 3053 435 3122 κοινὸν
457 3056 710 3146 μεταφέροντες.
736 3055 781 3121 Τδ
805 3055 867 3141 μὲν
890 3053 954 3141 γάρ
976 3053 1070 3141 ὕδωρ
1093 3054 1191 3146 ὅλως,
1210 3057 1294 3147 ὅπερ

182 3158 250 3224 ἐστὶ
272 3153 391 3224 κοινὰν
411 3152 530 3242 ὄνομα,
552 3153 618 3222 ἀπὸ
641 3162 700 3241 τῆς
718 3160 804 3235 ίδίας
819 3159 950 3225 ἐκείνου
966 3165 1193 3245 προσηγορίας
1203 3159 1294 3248 Ἀχε-

181 3265 270 3348 λῷον
294 3259 482 3344 καλοῦμεν,
505 3265 574 3325 τών
596 3258 633 3326 δὲ
655 3255 767 3328 ἀλλων
789 3258 966 3346 ὀνομάτων
985 3259 1025 3328 τά
1047 3260 1144 3329 κοινά
1166 3267 1295 3332 πολλά-

180 3387 232 3439 κις
250 3357 325 3429 ἀντὶ
348 3366 416 3428 τών
434 3364 530 3428 ίδίων
549 3358 767 3449 ὀνομάζομεν,
789 3360 870 3441 τούς
887 3364 949 3447 μὲν
963 3355 1165 3449 Ἀθηναίους
1174 3363 1295 3454 Ἕλλη-

182 3489 252 3548 νας,
274 3462 354 3541 τούς
372 3464 407 3530 δὲ
422 3467 710 3549 Λακεδαιμονίους
720 3471 1018 3551 Πελοποννησίους
1032 3463 1291 3547 ἀποκαλοῦντες.

184 3564 317 3631 Τούτου
339 3565 375 3630 δὲ
397 3571 459 3631 τοῦ
477 3561 689 3654 ἀπορήματος
704 3563 807 3634 οὐδὲν
830 3571 948 3654 ἔχομεν
963 3568 1160 3636 αἰτιώτατον
1177 3575 1295 3656 εἰπεῖν,

181 3661 202 3752 ἢ
227 3666 307 3745 τούς
337 3668 373 3732 ἐκ
402 3665 574 3752 Δωδώνης
603 3669 783 3756 χρησμούς.
834 3667 966 3756 Σχεδὸν
994 3669 1058 3756 γάρ
1088 3669 1144 3756 ἐφ’
1171 3669 1296 3742 ἀπασιύ

181 3765 297 3847 αύταίς
331 3768 515 3854 προσάγειν
549 3766 567 3836 ὁ
594 3769 676 3850 θεὸς
717 3779 840 3839 είωθεν
869 3769 1017 3863 Ἀχελςόηι
1045 3771 1166 3860 θύειν,
1211 3773 1297 3844 ώστε

182 3871 299 3938 πολλοὶ
321 3874 528 3955 νομίζοντες,
560 3867 601 3938 ού
629 3870 691 3939 τὸν
726 3873 878 3958 ποταμὸν
909 3873 970 3940 τὸν
997 3871 1046 3941 δι’
1078 3871 1297 3962 Ἀκαρνανίας

181 3974 311 4059 ῥέοντα,
333 3967 417 4038 ἀλλά
444 3970 480 4038 τὰ
503 3970 652 4041 σύνολον
674 3971 769 4060 ὕδωρ
787 3976 948 4064 Ἀχελῷον
970 3969 1038 4044 ύπὸ
1060 3983 1122 4044 τοῦ
1143 3984 1297 4065 χρησμοῦ

181 4079 376 4159 καλεῖσθαι,
402 4076 568 4142 ίδιοῦνται
592 4072 651 4156 τὰς
673 4081 736 4143 τοῦ
757 4083 843 4143 θεοῦ
866 4084 1103 4165 προσηγορίας.
1147 4087 1298 4166 Σημείον

180 4176 233 4259 δι’,
258 4171 310 4241 ὅτι
334 4172 418 4262 πρὸς
439 4174 475 4242 τὸ
499 4185 597 4244 θείου
619 4175 848 4266 ἀναφέροντες
869 4177 958 4247 ούτω
981 4182 1092 4267 λέγειν
1115 4181 1294 4270 εἰώθαμεν.

180 4276 338 4344 Μάλιστα
368 4274 433 4364 γάρ
464 4278 501 4345 τό
538 4277 633 4368 ὕδωρ
661 4277 824 4371 Ἀχελῷον
849 4283 1147 4370 προσαγορεύομεν
1170 4285 1208 4351 ἐν
1228 4298 1297 4364 τοῖς
