2752 4890
565 351 770 412 -Ν-
1162 357 1221 418 149

187 519 259 594 347.
281 508 386 591 Ζεός
407 513 481 596 μέν
501 516 565 602 βα·
590 509 697 596 οὕτως
711 511 933 603 Ἀρίσταρχος,
955 512 1050 584 ἀλλοι
1067 515 1220 614 δὲΖεύς

101 616 177 701 μὲν
196 611 284 700 ἀρα.
306 617 348 682 A.

188 720 260 784 348.
282 712 523 805 Ἀριστοφάνης
543 713 590 784 οό
614 715 689 786 δ’“
670 744 751 805 ονε.
774 723 816 786 A.

100 851 103 856 ·
187 823 259 888 358.
281 824 361 884 τοί·
384 815 492 899 οὕτως
508 815 760 907 Ἀριστοφάνης,
782 818 877 888 ἄλλοι
901 821 937 888 δὲ
959 824 1011 888 οί.
1033 825 1074 888 A.

93 972 99 986 .
186 926 258 989 359.
274 917 332 988 ἐπ’
350 917 646 1006 ἀμφοτέροισι·
662 919 987 1008 διχιόςἈρίσταρχος,
1003 923 1057 989 καὶ
1072 917 1127 990 ἐπ’
1145 920 1218 989 άλ-

101 1023 308 1110 λήλοισιν.
329 1025 367 1090 ἓν
384 1022 420 1088 δὲ
439 1019 485 1090 δι’
509 1020 712 1110 ἀμφοτέρων.
724 1021 761 1091 τό
777 1026 972 1111 λεγόμενον,
995 1020 1047 1090 ὅτι
1063 1019 1080 1090 ὁ
1094 1031 1217 1094 Ποσει-

102 1129 172 1192 δοΞν
191 1120 283 1192 καλό
305 1123 391 1205 Ζευς
411 1124 473 1192 τόν
494 1125 642 1212 πόλεμον
665 1132 705 1215 τῇ
728 1123 836 1214 Ἔριδι
858 1127 1065 1211 συνέδησαν,
1096 1122 1133 1192 τδ
1155 1127 1216 1192 πέ-

101 1253 160 1313 ρας
183 1232 241 1312 τῆς
269 1229 394 1313 ἔριδος
415 1227 469 1293 καὶ
501 1226 602 1294 πάλιν
633 1225 671 1294 τδ
703 1233 765 1295 τοῦ
794 1230 943 1316 πολέμου
972 1227 1132 1315 λαβόντες
1159 1228 1216 1296 καὶ

100 1328 346 1407 ἐπαλλάξαντας
365 1324 418 1394 ἐπ’
443 1328 655 1414 ἀμφοτέροις,
679 1325 791 1414 ὥσπερ
815 1333 850 1396 οί
861 1329 901 1396 τά
920 1328 1053 1416 ἅμματα
1071 1334 1215 1398 ποιοῦν-

98 1456 162 1516 τες,
174 1429 252 1498 τόδε
262 1431 315 1498 ἐπί
329 1431 414 1498 τόδε.
429 1428 536 1510 οὕτως
546 1426 765 1516 Ἀρίσταρχος.
778 1433 820 1498 A.
834 1434 888 1499 W.
899 1434 1059 1500 Ribbeck.
1073 1441 1213 1523 quaeett.

98 1534 223 1598 Zenod.
245 1557 276 1622 q.
299 1535 349 1616 28,
367 1539 397 1600 4.

183 1639 255 1702 363.
285 1633 537 1721 Καβησόθεν
564 1637 691 1701 ἔνδον
717 1633 861 1701 ἐόντα·
891 1635 929 1700 έν
961 1642 1007 1725 τῇ
1035 1623 1212 1722 Ἀργολικῇ

92 1729 264 1821 Ἑκάβης
286 1735 417 1816 νόθον
435 1735 532 1804 υίδν
555 1736 689 1802 ἐόντα.
714 1737 769 1803 καί
788 1737 877 1822 τάχα
893 1731 935 1803 ἀν
965 1745 1016 1823 είη
1037 1733 1213 1824 ἁμάρτημα

101 1833 178 1904 κατ’
203 1834 346 1922 ἄγνοιαν
368 1843 426 1924 τῆς
448 1837 618 1924 Καβησου.
642 1841 683 1906 A.
762 1909 764 1914 ,

182 1946 254 2006 364.
278 1964 378 2024 μετα
397 1943 536 2019 κλεος
560 1938 927 2026 Ἀριστοφάνηςκατά
952 1943 1081 2020 κλέος.
1087 1913 1146 2008 ..A

182 2047 254 2107 367.
278 2038 517 2127 ἀπωσέμεν·
537 2038 996 2130 Ἀρίσταρχοςάνωσέμεν.
1020 2044 1061 2108 Α.
1092 2044 1145 2108 Of.
1168 2043 1208 2107 V.

180 2148 253 2210 383.
277 2137 403 2210 εἷλκε
420 2140 629 2229 Ἀρίσταρχος
648 2144 754 2214 ἕλκε.
774 2146 815 2210 Α.

181 2248 252 2312 384.
272 2237 638 2332 ἦλθευάμύντωρ
665 2242 877 2332 Ἀρίσταρχος
903 2237 995 2330 ηλθ’
1022 2243 1211 2327 ἑπαμόν-

97 2372 191 2431 τωρ.
215 2349 256 2414 A.

179 2455 252 2516 399.
284 2445 418 2533 αότάρ
448 2446 531 2533 ὅγ’
564 2445 833 2533 ἀσθμαίνων·
852 2447 1082 2533 Ἀρίσταρχος
1111 2448 1211 2532 χωρίς

95 2556 156 2617 τοῦ
178 2578 198 2636 γ
221 2548 351 2636 αὐτὰρ
373 2579 391 2618 ο
379 2546 674 2634 ’ἀσθμαίνων
698 2555 738 2617 A.

179 2657 251 2719 497.
281 2649 503 2718 κανόνεσσ’
532 2653 568 2719 ἐκ
598 2651 749 2737 πλήρους
774 2655 811 2718 αί
836 2648 1053 2737 Ἀριστάρχου
1084 2647 1210 2716 κανό-

94 2773 226 2822 νεσσι.
256 2756 297 2820 Α.
326 2825 328 2828 ,

154 2903 156 2906 -
178 2863 250 2923 415.
275 2853 396 2922 ἰόντα
415 2852 471 2921 διά
493 2861 586 2923 τοῦι
609 2858 645 2922 αί
661 2852 888 2940 Ἀριστάρχου.
912 2856 952 2920 A.

175 2962 248 3024 423.
283 2952 391 3035 οὕτως
409 2954 471 3026 διά
502 2962 564 3024 τοῦ
598 2961 675 3024 εαί
698 2953 915 3040 Ἀριστάρχου
944 2952 1209 3040 στενάχοντι,
1321 2976 1324 2981 ·

92 3055 134 3126 οὐ
158 3056 214 3125 διὰ
238 3063 300 3125 τοῦ
321 3080 342 3122 α
365 3056 621 3141 στενάχοντα
644 3058 697 3126 ἐπὶ
718 3063 780 3126 τοῦ
798 3062 924 3140 νεκροῦ
946 3064 1095 3141 (γελοίου
1116 3055 1208 3144 γάρ),

92 3157 168 3229 ἀλλ’
190 3160 242 3227 ἐπὶ
264 3164 332 3226 τῶν
355 3158 595 3244 βασταζόντων.
618 3162 660 3226 A.

176 3266 249 3332 443.
283 3261 520 3344 πελέμιζεν·
556 3257 663 3339 οὕτως
694 3257 750 3326 διά
781 3264 843 3324 τοῦ
873 3254 1122 3343 ζἈρίσταρχος
1154 3259 1210 3324 καί

86 3361 341 3449 Ἀριστοφάνης.
364 3359 460 3429 ἀλλοι
482 3364 518 3429 δὲ
542 3363 765 3448 πελέμιξεν
787 3359 842 3428 διά
862 3366 923 3428 τοῦ
946 3364 972 3439 ξ.
997 3362 1039 3428 Α.
1110 3415 1112 3422 .

174 3471 246 3531 446.
270 3461 378 3552 οὕτως
397 3461 608 3550 Ἀρίσταρχος
628 3463 832 3550 (Ζηνόδοτος
849 3465 905 3548 V.)
929 3460 977 3546 δη
1001 3487 1038 3528 τι
1065 3465 1208 3528 ἐΐσκο-

89 3591 189 3652 μεν,
211 3567 311 3652 χωρίς
334 3571 397 3632 τοῦ
420 3584 449 3633 σ.
473 3571 515 3633 A.

176 3674 237 3734 447
240 3717 247 3734 .
260 3663 349 3734 οὕτω
362 3665 417 3735 διά
430 3676 492 3736 τοῦ
502 3694 519 3734 o
529 3665 751 3752 Ἀρίσταρχος,
774 3664 964 3751 Ζηνόδοτος
975 3662 1031 3732 διά
1044 3669 1107 3731 τοῦ
1118 3690 1149 3733 α.
1163 3664 1204 3728 A.

170 3775 257 3848 [449.
285 3773 390 3856 ίδης·
422 3767 512 3836 οὕτω
541 3769 739 3854 Ζηνόδοτος.
772 3765 983 3852 Ἀρίσταρχος
1006 3765 1042 3834 δέ
1064 3771 1131 3852 ίδη
1149 3762 1204 3831 διά

86 3875 152 3938 τοῦ
175 3896 186 3936 ι
208 3872 262 3949 V.]
280 3867 495 3957 Ἀρίσταρχος
517 3874 617 3957 χωρίς
639 3876 700 3937 τοῦ
723 3887 744 3935 σ
766 3873 842 3956 ίδη.
868 3871 909 3935 Α.

173 3978 246 4038 459.
269 3974 355 4038 Vide
377 3997 437 4039 nos
455 3998 488 4061 p.
512 3977 562 4038 23.
585 3974 717 4039 Velsen.
738 3974 779 4038 de
794 3972 970 4060 Tryphone
991 3996 1024 4059 p.
1044 3974 1096 4036 66.

172 4079 245 4140 456.
266 4069 476 4159 Ἀρίσταρχος
499 4071 520 4160 ἦ
542 4097 656 4158 τινα,
681 4069 776 4140 ἀλλοι
797 4071 833 4138 δέ
856 4079 898 4138 εί
917 4096 981 4137 τιν
991 4097 1020 4135 α.
1044 4071 1086 4134 A.

35 4161 41 4170 “
174 4183 246 4243 465.
275 4172 383 4255 οὕτως
412 4176 533 4262 σχεδὸν
560 4173 685 4243 ἀπασαι
717 4173 1000 4260 ἐπαμύνομεν.
1034 4174 1076 4236 A.
1103 4167 1203 4250 [τινὲς

87 4281 311 4364 ἐπαμῦναι.
331 4282 385 4356 V.]
