2752 4890
171 353 231 446 16
623 384 833 445 -ω-

255 542 370 614 218.”
350 572 466 632 ορνις
487 537 607 631 ἦλθε
633 546 733 632 χωρὶς
753 550 811 630 τῆς
833 545 1028 630 προθέσεως
1048 548 1084 612 ac
1106 540 1282 630 Ἀριστάρ-

170 676 240 736 χου,
270 652 311 715 A.
342 648 453 770 [χωρίς
485 653 543 733 τῆς
569 650 634 716 ἐπὶ
654 651 691 716 ac
707 645 938 734 Ἀριστάρχου,
961 648 1016 713 καὶ
1036 643 1192 768 Ἀττικοῖς
1215 649 1287 727 ἐξέ-

172 776 260 820 τεινε
282 748 318 816 τδ
343 746 446 831 ὅρνις.
466 752 520 828 V.]

259 856 332 917 231.
356 849 628 936 Πουλυδάμα·
652 853 687 916 αλ
705 846 923 934 Ἀριστάρχου
945 848 1122 935 χωρὶςτοῦ
1145 874 1176 929 ν,
1198 846 1290 935 παρά

171 948 233 1036 τὴν
258 949 400 1036 άναλογί
399 977 460 1036 αν.
497 952 687 1037 Ζηνόδοτος
720 950 832 1018 δὲκαὶ
857 949 1057 1036 Χαμαιλέων
1084 947 1151 1016 σὺν
1179 956 1227 1040 τῷ
1254 976 1286 1017 ν.

171 1053 413 1138 Πουλυδάμαν.
435 1054 476 1118 A.

256 1159 328 1220 246.
344 1151 401 1221 ἐπ’
417 1150 630 1238 Ἀργείων·
649 1176 737 1237 παρα
725 1145 968 1239 Ζηνοδοτω
950 1146 1012 1218 υπ’
1023 1149 1229 1238 Ἀργείων.
1244 1156 1288 1219 A.

256 1260 328 1321 276.
352 1267 506 1333 νεῖκος
536 1248 971 1376 Ἀρίσταρχορνίκοςδιά
999 1258 1131 1320 τοῦι·
1164 1254 1290 1340 βουλε·

171 1380 224 1421 ται
247 1353 311 1440 γὰρ
335 1357 491 1440 λέγεσθαι
513 1360 571 1438 τῆς
593 1361 688 1440 νίκης
706 1352 768 1440 την
790 1345 902 1439 ἧτταν.
927 1357 969 1420 A.

254 1460 326 1522 277.
349 1461 608 1542 προβοωντε
630 1454 705 1523 κατ’
738 1481 811 1523 ενια
828 1481 896 1522 των
910 1477 1163 1538 υπομνηματωυ
1184 1479 1289 1540 προ-

173 1555 342 1644 βαόυτε,
370 1551 445 1624 οἷον
470 1562 710 1643 προβαίνοντες
736 1553 832 1622 κάλ’
812 1580 874 1642 αμε
876 1560 1006 1666 ίβουτες
1032 1553 1140 1622 τόπον
1158 1557 1200 1624 έκ
1228 1556 1290 1624 τό·

173 1681 251 1726 που
274 1663 375 1743 διχῶς
395 1651 468 1725 οὖν.
497 1662 538 1726 Α.

257 1765 328 1826 281.
355 1764 551 1846 ἔμπεδον·
587 1758 695 1840 οὕτως
725 1757 997 1845 αίἈριστάρχου
1028 1762 1234 1844 ἔμπεδον*
1268 1756 1290 1845 6

173 1865 211 1931 δέ
235 1860 495 1948 Μασσαλιωτικὴ
516 1859 708 1929 άσπετον.
737 1863 779 1928 A.

259 1969 331 2030 283.
354 1962 564 2050 Ἀρίσταρχος
585 1959 641 2029 διὰ
662 1967 724 2030 τοῦ
746 1987 788 2028 ου
810 1965 1037 2028 λωτοῦντα.
1057 1964 1099 2028 A.
1122 1965 1165 2028 of.
1187 1964 1262 2028 VL.

260 2070 332 2132 318.
356 2062 464 2144 οὕτως
482 2062 629 2143 ἆκλέες
650 2066 687 2130 αι’
704 2057 920 2148 Ἀριστάρχου
943 2062 1049 2133 καλαί
1068 2064 1287 2151 χαριέστεραι.

174 2171 216 2235 A.
239 2169 282 2234 cf.
304 2191 413 2257 praec.
438 2167 539 2233 schol.

256 2273 329 2336 330.
348 2263 457 2346 οὕτως
476 2265 683 2352 Ἀρίσταρχος
702 2261 853 2350 ἄγοντε
875 2269 1008 2345 δυίκως.
1027 2267 1069 2332 Α.
1130 2323 1135 2332 ,

256 2374 328 2435 340.
359 2366 467 2447 οὕτως
499 2365 707 2452 Ἀρίσταρχος
738 2367 870 2446 πάσας
899 2366 975 2453 γὰρ
1005 2364 1203 2456 έπςάχατο.
1246 2371 1287 2434 A.

75 2457 77 2462 ’
174 2473 349 2536 Praeterea
370 2473 439 2538 vid.
461 2469 584 2535 Friedl.
606 2469 752 2535 Ariston.
774 2495 805 2558 p.
826 2472 898 2534 211.

259 2575 370 2638 7348.
404 2572 441 2636 έκ
473 2571 623 2666 πλήρους
656 2566 716 2634 τόν
748 2568 941 2654 σύνδεσμον
971 2570 1037 2636 καὶ
1059 2580 1175 2638 κεῖθι
1203 2568 1290 2654 Ἀρί-

174 2694 323 2758 σταρχος.
343 2674 384 2740 A.
409 2679 472 2758 [γρ.
495 2668 639 2737 κάκεῖθι.
663 2672 716 2747 V.]

259 2782 332 2842 350.
359 2775 415 2842 καλ
432 2768 672 2858 Ἀριστοφάνης
691 2765 815 2854 ἠθέτει.
835 2774 878 2838 Α.

258 2879 330 2940 382.
362 2870 470 2952 οὕτως
498 2874 533 2938 αἱ
558 2869 774 2954 Ἀριστάρχου
804 2874 860 2938 καλ
887 2876 923 2940 ac
954 2877 1100 2957 πλείους,
1134 2871 1289 2958 χείρεσ’

153 2975 473 3096 ,άμφοτέρησιν
494 2975 531 3038 έν
553 2971 590 3038 δὲ
611 2985 682 3049 ταῖς
704 2973 909 3058 κοινοτέροις
931 2978 1047 3058 χειρί
1066 2999 1111 3058 γε
1134 2979 1183 3060 τῇ
1204 2973 1289 3039 ἑτέ-

176 3103 224 3166 ρη
253 3073 381 3163 ἔχυτ’
363 3073 485 3160 αυήρ,
505 3068 589 3155 ὅπερ
613 3071 781 3140 ἐκλύει
745 3099 807 3193 την
829 3073 926 3160 ίσχύν
949 3080 1011 3142 τοῦ
1030 3081 1186 3154 Αίαντος.
1209 3079 1252 3142 A.

259 3184 332 3244 404.
354 3173 462 3254 οὕτως
482 3171 581 3242 οὐδὲ
603 3173 667 3242 δ
631 3201 671 3240 ια
695 3200 772 3261 προ
765 3173 831 3241 αλ
847 3172 1072 3261 Ἀριστάρχου,
1093 3203 1115 3261 η
1102 3171 1173 3243 ‘66
1192 3176 1290 3320 κοινὴ

175 3275 259 3364 ἡδὲ
278 3274 345 3344 διὰ
369 3275 456 3361 πρό.
480 3278 521 3342 A.

259 3385 332 3445 407.
354 3379 539 3444 ἐέλπετο·
562 3374 671 3457 οὕτως
684 3377 749 3446 διὰ
769 3383 833 3445 τοῦ
853 3402 877 3444 π
900 3381 937 3445 αλ
958 3376 1194 3466 Ἀριστάρχου,
1219 3377 1291 3464 οὐχὶ

175 3479 212 3545 δε
231 3477 288 3546 διὰ
310 3483 372 3546 τοῦ
395 3482 414 3543 6
437 3479 614 3546 ἐέλδετο.
636 3485 678 3546 A.
944 3522 949 3529 ·

261 3584 334 3646 412.
356 3577 567 3665 Ἀρίσταρχος
588 3583 895 3668 ἐφομαρτεῖτε,
922 3577 1017 3649 άλλοι
1039 3585 1076 3649 δέ
1102 3583 1292 3667 ἐφομαρ-

176 3694 333 3769 τεῖτον,
357 3681 452 3750 άλλοι
472 3683 509 3750 δὲ
530 3683 822 3771 ἐφομαρτεῖτε
845 3688 886 3750 A.

258 3789 331 3850 420.
354 3781 479 3863 οὕτως
475 3788 700 3854 πέλασθεν
717 3782 836 3864 Ἰακοᾶς.
861 3786 902 3850 A.
923 3786 976 3851 Of.
998 3789 1031 3850 Κ
1051 3788 1124 3850 309.

257 3891 330 3951 423.
359 3881 427 3954 ὀλί
432 3884 729 3977 γςοένλχωρςο
765 3882 1074 4038 Ζηνόδοτοςόλίγ
1079 3887 1189 3974 ηέπὶ
1209 3912 1292 3972 χω

178 4013 234 4076 ου
258 3990 300 4056 Α

261 4083 377 4155 428.“
356 4113 451 4178 οτῳ·
479 4086 713 4175 Ζηνόδοτος”
694 4114 818 4179 οτεφ,
846 4092 902 4158 καὶ
927 4091 1083 4177 ἐμφαίνει
1109 4084 1292 4174 Ὁμηρικὸν

176 4185 375 4277 χαρακτῆρα.
399 4191 538 4276 καὶγὰρ
560 4187 707 4274 άλλαχόῠ
729 4197 824 4276 φησί·
859 4198 905 4282 τῷ
936 4189 1020 4280 ὅτεῳ
1043 4215 1079 4257 τε
1102 4187 1211 4275 πατὴρ
1237 4191 1293 4257 κε’-

176 4300 275 4357 λεται.
301 4299 337 4380 (β
358 4293 431 4377 114)
450 4293 492 4355 Α.
