2812 4868
1165 337 1201 402 51

94 505 154 571 Α1.
177 505 301 592 Vespp.
324 507 397 570 457.
440 501 585 569 Meineli.
609 501 700 568 Com.
723 505 788 569 vol.
812 505 847 569 ΙΙ
864 527 896 592 p.
921 509 982 570 584
1002 529 1050 594 sq.
1095 507 1206 592 Auget

94 607 208 690 fidem,
238 607 450 694 Hesychiana
478 627 496 670 e
518 604 655 692 Didymi
683 607 807 671 comico
830 610 937 673 lexico
958 609 1205 695 ptolaemeus,

94 706 182 794 quod
202 706 257 770 hie
278 707 448 773 Athenaeo
470 706 523 770 IX
540 729 572 793 p.
595 707 692 771 371F
714 716 798 772 teste
819 711 854 773 in
870 709 1049 795 Phrynichi
1069 709 1206 793 Κρόνον

94 810 363 874 commentarium
384 810 530 896 scripsit,
557 808 645 872 unde
672 809 706 871 in
725 810 871 875 eiusdem
894 814 1053 877 comicum
1076 813 1206 898 lenicon

90 920 193 1000 ,atque
214 909 417 997 Hesychium
441 912 539 975 etiarn
560 910 642 973 haec
660 913 914 997 transmigrasse
941 915 1119 979 verisimile
1146 921 1205 998 est,

91 999 247 1095 γήθυα·
282 1007 532 1095 άμπελόπραοα.
573 1011 609 1075 οί
631 1009 669 1075 δὲ
697 1015 914 1095 γηθυλλίδας.
956 1016 992 1080 ol
1017 1013 1054 1080 dh
1078 1012 1205 1100 μεγάλα

93 1110 261 1198 κρόμμυα,
285 1109 380 1179 ἄλλοι
402 1109 523 1196 χλωρά.
550 1113 733 1179 Memoratu
754 1115 889 1200 dignum
911 1125 960 1181 est
976 1116 1122 1182 hocloco
1139 1117 1205 1182 He-

93 1215 243 1302 sychium
266 1215 437 1280 Athenaeo
455 1237 527 1280 esse
548 1217 792 1299 accuratiorem,
814 1218 952 1303 singulis
972 1217 1204 1305 interpretibus

93 1318 240 1402 singulas
257 1317 486 1384 attiihuentem
501 1319 748 1405 explicationes.
771 1319 1050 1407 Deipnosophista
1069 1322 1154 1385 enim
1170 1319 1205 1384 in

91 1419 226 1486 brevius
239 1421 417 1485 contraxit:
437 1413 524 1501 άπερ
537 1417 758 1504 ἐξηγούμενος
772 1421 884 1505 δρᾶμα
900 1419 1087 1504 Δίδυμος
1105 1417 1204 1506 ὅμοιά

94 1537 199 1606 φησιν
229 1517 314 1587 εἶναι
342 1519 383 1587 τά
411 1520 526 1606 γήθυα
546 1532 616 1599 τοῖς
638 1521 830 1606 λεγομένοις
850 1517 1135 1608 ἀμπελοπράσοις,
1163 1519 1204 1590 τά

92 1619 123 1689 δ’
151 1619 238 1690 αὐτὰ
266 1625 322 1689 καὶ
351 1623 570 1700 ἕπιθνλλίδας
599 1623 756 1707 λέγεσθαι
791 1615 879 1711 ¹(leg.
908 1647 982 1692 cum
1000 1625 1115 1692 Dalec.
1142 1651 1204 1710 γη-

90 1728 272 1805 θυλλίδας-ς
293 1748 366 1790 011111
386 1725 507 1790 Athen.
532 1725 627 1790 codd.
647 1725 727 1790 facit
741 1726 891 1792 Eustath.
916 1732 1007 1812 1155,
1027 1729 1093 1816 20).
1135 1728 1203 1795 Sub

91 1827 126 1890 οί
153 1825 209 1911 δὲ,
242 1829 277 1892 οί
299 1823 337 1891 δὲ
369 1826 446 1892 vide
472 1847 514 1890 ne
535 1827 668 1891 lateant
693 1827 867 1914 Lycophro
897 1836 929 1894 et
958 1829 1202 1896 Eratosthenes.

92 1927 124 2011 2)
154 1928 249 1992 Phot.
276 1951 309 2014 p.
332 1931 411 2011 497,
436 1933 449 1991 1
492 1931 706 2006 Σακίζειν·
737 1925 798 1994 τὸν
820 1929 978 2015 τρομώδη
1000 1926 1056 1996 διὰ
1076 1928 1205 1996 σάκκον

91 2027 146 2094 καὶ
168 2029 329 2116 στρέβλης
350 2025 450 2116 riticio
468 2025 574 2096 οἶνον.
605 2025 695 2096 οὕτω
719 2028 923 2116 Λυκόφρων.
967 2034 1013 2098 Α1
1034 2033 1150 2098 horum
1170 2037 1206 2097 in

90 2131 259 2219 Hesychio
284 2155 345 2197 nec
372 2134 449 2198 vola
477 2155 538 2198 nec
566 2133 743 2218 vestigium
771 2142 935 2218 superest,
966 2143 1003 2198 111
1034 2143 1204 2220 susceptus

89 2244 176 2301 totus
211 2236 462 2322 exantlatusque
494 2235 587 2300 labor
619 2235 661 2299 ad
694 2235 821 2299 irritum
853 2234 1012 2300 cecidisse
1040 2236 1202 2301 videatur.

29 2369 30 2372 ¹
88 2336 165 2402 Non
193 2359 320 2403 vereor.
365 2337 533 2402 Succurrit
563 2339 651 2402 enim
677 2337 749 2422 ipse
770 2336 916 2423 Hesyoh.
940 2337 975 2401 II
1000 2341 1080 2402 1140
1102 2353 1204 2402 σακ-

88 2443 221 2518 κίζειυ
251 2439 328 2529 (leg.
360 2443 506 2519 σακίζειν
533 2439 607 2506 0011.
630 2438 734 2504 Piens.
757 2439 860 2504 Moer.
886 2462 918 2526 p.
940 2442 998 2505 261
1024 2439 1075 2504 ed.
1097 2440 1202 2526 Lips.)
1264 2431 1266 2436 ’

90 2541 142 2607 ἐπὶ
167 2545 230 2607 τοῦ
258 2542 440 2609 ἐκκενώσαι
470 2539 526 2608 διά
550 2537 681 2626 κλοπὴν
703 2537 783 2618 τούς
808 2537 955 2619 σάκκους
978 2535 1098 2607 ὁποῖόν
1120 2558 1202 2625 φασι

91 2655 159 2720 τοῖς
183 2639 337 2729 ἐργάταις
362 2639 398 2732 (d
423 2654 533 2710 ποιεῖν
561 2660 644 2728 φασι
667 2644 747 2720 τούς
764 2640 906 2727 ἐργάτας
931 2642 958 2708 Ι.
981 2643 1093 2731 Voss.)
1124 2638 1203 2710 ὡσεὶ

92 2747 185 2829 ἔλεγε
208 2743 489 2830 χαλκοδερμιστής
510 2743 589 2829 κτὲ.,
612 2746 730 2832 quibus
753 2767 879 2812 summo
894 2747 965 2811 iure
981 2746 1063 2812 haec
1081 2746 1203 2812 adscri-

89 2858 225 2934 pserunt
251 2848 426 2937 Sopingius
453 2857 485 2913 et
513 2848 696 2912 Palmerius
728 2848 788 2912 ‘In
808 2869 890 2913 voce
909 2851 1087 2926 Σακκιΐειν
1107 2858 1140 2913 et
1163 2850 1203 2914 iis

89 2973 173 3038 quae
197 2959 375 3037 sequuntur
394 2950 496 3015 multa
516 2950 595 3014 mihi
617 2950 770 3014 videntur
790 2949 950 3016 turbata’
976 2950 1064 3031 Quid
1079 2953 1203 3037 igitur?

89 3075 173 3140 quae
198 3062 289 3117 tanta
317 3053 379 3117 erit
406 3052 520 3117 iudicii
541 3053 756 3139 perversitas,
788 3061 825 3116 ut
847 3051 919 3119 loeo
939 3053 1112 3118 manifeste
1134 3077 1202 3119 001-

90 3165 184 3242 rupto
207 3153 366 3220 adversus
388 3177 448 3220 nos
469 3156 518 3220 uti
539 3156 612 3242 quis
640 3155 785 3219 audeat?
829 3154 916 3236 Quin
948 3165 1074 3222 tantum
1100 3156 1202 3238 abest,

88 3269 123 3324 ut
148 3259 181 3323 h.
202 3258 223 3322 l.
253 3265 366 3322 nostra
394 3258 593 3343 infringatur
613 3259 788 3342 sententia,
814 3267 907 3323 11110
929 3257 1111 3323 accuratius
1132 3279 1202 3344 per-

88 3383 192 3448 pensa
221 3382 288 3426 non
309 3360 404 3425 modo
427 3360 594 3447 Hesychio
615 3382 708 3447 opem
730 3360 816 3424 ferre
838 3361 1018 3446 possimus,
1052 3359 1169 3425 sedes
1190 3398 1201 3408 ·

90 3487 164 3529 cere
193 3465 306 3547 etiam,
336 3471 373 3526 ut
389 3473 517 3528 'nostro
542 3462 678 3528 consilio
704 3463 901 3549 respondeat
923 3470 1070 3526 eventus.
1113 3461 1202 3526 Aodi

88 3566 167 3630 mihi
192 3566 415 3654 Phrynichurn
423 3567 464 3653 ¹),
500 3579 597 3652 quem
623 3567 740 3630 merita
767 3563 863 3629 laude
892 3563 1020 3628 extollit
1041 3561 1201 3627 Bernhar-

161 3757 187 3825 1)
212 3758 253 3809 Ac
276 3757 460 3824 Phrynichum
483 3757 590 3826 quidem
616 3757 639 3807 si
658 3761 817 3824 argumento
837 3769 904 3820 opus
929 3759 972 3805 est
996 3755 1113 3822 Didymo
1137 3769 1202 3805 non-

90 3843 165 3892 nulla
184 3842 344 3907 sublegisse,
365 3843 489 3893 conferas
507 3841 572 3892 licet
590 3857 653 3907 app.
671 3841 747 3907 soph.
767 3857 809 3906 ap.
828 3841 915 3892 Bekk.
936 3841 1048 3892 anecdd.
1062 3841 1114 3906 Ip.
1127 3841 1199 3902 eal

90 3945 148 3979 cnm
174 3930 292 3994 Didymo
320 3943 362 3994 ap.
392 3929 475 3981 schol.
504 3929 550 3980 Ar.
575 3929 676 3994 Vespp.
706 3927 782 3980 1033.
827 3927 996 3993 Phrynichus
1024 3928 1094 3976 enim
1121 3925 1201 3975 haec:

86 4003 252 4084 Ἠπιάλης
270 4007 284 4065 δ
305 4007 466 4065 ἐπιπίπτων
484 4011 532 4066 aul
551 4006 683 4081 ἐφέρπων
698 4007 759 4073 soti
775 4007 963 4079 κοιμωμένοις
980 4012 1100 4078 δαίμων.
1125 4005 1157 4060 τδ
1170 4003 1202 4061 δὲ

90 4095 137 4152 διά
157 4100 211 4153 cori
229 4105 247 4153 ὅ
264 4095 361 4168 ἕτερον
375 4119 401 4152 τι
418 4101 548 4169 σημαίνει
565 4095 597 4152 τά
613 4094 789 4168 καλούμενον
800 4093 997 4166 διγοπάρετου.
1016 4097 1125 4150 Scholia
1137 4113 1202 4148 vero

89 4189 167 4242 haec:
192 4181 381 4255 ἠπιάλοις·
406 4183 527 4254 ἠπίαλος
552 4182 584 4240 τὸ
608 4187 660 4239 τοῦ
685 4185 811 4254 πυρετοῦ
835 4179 922 4251 κράος
939 4213 973 4224 -
991 4181 1152 4248 Δίδυμος
1170 4176 1203 4232 δέ

90 4292 157 4342 φησι
170 4275 292 4342 δαίμων,
306 4264 490 4342 δνἨπιάλην
501 4271 549 4327 καὶ
566 4271 725 4342 Τῖφυν-καὶ
735 4264 855 4324 altnae
865 4269 982 4322 καλοῦσι
995 4261 1050 4322 aad.
1070 4261 1202 4336 (Εάόπαν

948 4349 1040 4413 4*·
