2752 4890
522 405 715 466 -Ε-
1110 400 1170 463 127

146 581 219 643 527.
256 569 566 657 ἐπεσσύμενον·
597 562 808 655 Ἀρίσταρχος
833 563 889 632 διά
911 568 974 632 τοῦ
995 567 1016 632 οιΙ
1037 561 1171 632 ἀπεσ-

58 680 265 766 σύμενον,
288 673 430 742 ἀπιόντα
452 670 513 739 τόν
534 669 798 755 natm-1111}
820 673 860 756 τή
882 666 977 757 ἑτέρᾳ
996 667 1172 736 ἐπεσσύ-

57 806 208 869 μενος,
233 783 290 846 ἵνα
312 777 365 843 ἐπὶ
389 779 450 842 τοῦ
473 769 623 851 Θόαντος
642 773 782 857 λέγεται.
814 766 938 849 άτοπος
956 769 993 837 δὲ
1015 769 1129 838 τέλεον
1150 766 1170 856 ή

56 885 229 971 φερομένη
251 875 551 964 ἐπεσσύμενον.
575 877 617 942 A.

594 1055 635 1124 Ε.

145 1193 197 1255 60.
230 1184 386 1254 πάντα·
404 1183 443 1250 έν
461 1186 502 1270 τῇ
521 1179 616 1271 ἑτέρᾳ
637 1184 706 1248 τῶν
724 1174 942 1265 Ἀριστάρχου
962 1179 1105 1248 πολλά.
1127 1183 1169 1248 A.

142 1295 194 1356 64.
215 1285 310 1377 ήδη·
334 1281 442 1364 οὕτως
454 1279 664 1370 Ἀρίσταρχος
685 1277 741 1348 διά
763 1287 824 1347 τοῦ
845 1307 865 1368 η
884 1276 959 1370 ήδη.
981 1285 1023 1348 A.

148 1394 218 1456 132.
248 1383 376 1475 τήνγ’
397 1383 643 1470 οὐτάμεν·
667 1378 1172 1469 διχῶςἈρίσταρχος,ιια1ού-

58 1517 125 1570 τως
133 1488 219 1576 τήν
241 1485 276 1576 γ’
300 1485 504 1573 ούτάμεν,
528 1488 583 1554 καὶ
602 1488 703 1572 χωρὶς
723 1487 785 1551 τοῦ
805 1484 845 1568 γε’
863 1479 925 1569 τήν
947 1479 1104 1572 ούτάμεν.
1127 1489 1169 1555 Α.

123 1597 193 1659 136.
233 1591 328 1660 ἕλεν
350 1589 488 1676 μένος·
518 1580 759 1674 Πτολεμαίοςό
781 1589 843 1654 τού
863 1581 1048 1672 Ὀροάνδου
1065 1589 1104 1656 ἐν
1125 1615 1171 1679 τιμ
1194 1581 1200 1588 ’

58 1693 208 1780 περὶτῆς
224 1688 423 1770 ὁπλοποιίας
441 1687 497 1758 διά
512 1695 574 1757 τού
594 1714 613 1774 χ
633 1687 838 1775 προφέρεται
857 1691 874 1754 ἐ
880 1709 951 1773 χεν
972 1689 1104 1774 μένος.
1127 1657 1169 1759 A.

148 1799 219 1864 181,
267 1796 446 1882 Τυδείδη
472 1817 557 1878 μιν·
584 1786 794 1878 Ἀρίσταρχος
821 1792 927 1874 διχῶς,
947 1792 1003 1857 καί
1023 1797 1094 1877 μίν
1116 1793 1171 1861 καί

61 1903 151 1984 μέν,
179 1900 323 1986 Τυδείδη
341 1922 401 1983 μιν
419 1891 493 1981 ἐμοό.
517 1895 558 1960 Α.
744 1953 745 1956 ,

147 2002 220 2066 227.
251 2001 295 2068 ίπ
305 2024 391 2068 πων
418 1993 695 2083 ἀποβήσομαι·
724 1989 935 2080 Ἀρίσταρχος
960 1990 1171 2083 ἀποβήσομαι

61 2103 176 2166 ἳππων
203 2096 241 2166 δέ
263 2103 346 2187 ἐφη,
378 2093 452 2168 οἷον
470 2104 528 2185 τῆς
547 2102 615 2165 τῶν
636 2099 750 2164 ἵππων
781 2098 976 2182 φροντίδος·
1022 2098 1172 2186 ἐπιφέρει

61 2205 148 2284 γοῦν
170 2197 227 2286 *ήέ
253 2199 297 2270 σύ
319 2199 419 2269 τόνδε
438 2202 569 2284 δέδεξο,
602 2193 663 2266 τδν
684 2194 851 2284 Διομήδη.
892 2198 1114 2283 Ζηνοδότειος
1136 2205 1172 2270 δέ

63 2298 160 2389 ήδιὰ
180 2307 242 2369 τοῦ
265 2327 281 2370 ε
303 2299 513 2391 ἐπιβήσομαι.
544 2301 586 2366 A.

145 2408 218 2472 231.
242 2401 435 2473 είωθότι·
461 2398 569 2481 ούτως
594 2399 768 2470 εἰωθότι
788 2396 999 2488 Ἀρίσταρχος
1020 2407 1075 2472 καί
1097 2424 1174 2492 σχε-

63 2503 126 2573 δόν
148 2503 312 2588 ἅπαντες·
346 2511 474 2594 μᾶλλον
496 2502 560 2590 γάρ
584 2523 689 2591 φησιν
710 2497 778 2570 ύπδ
801 2509 847 2592 τῷ
868 2502 967 2572 ἐθάδι
989 2507 1045 2573 καί
1066 2505 1174 2592 συνή-

63 2617 120 2674 θει
146 2604 271 2700 ήνιόχρι
303 2615 410 2676 οίσειν
440 2605 521 2686 τούς
548 2608 674 2684 ἵππους
698 2603 735 2671 τό
762 2601 863 2691 ἅρμα.
904 2606 959 2674 καί
980 2603 1044 2694 τήν
1064 2612 1174 2675 αἰτίαν
1283 2605 1292 2622 ’

65 2710 215 2797 ἐπιφέρει
238 2709 302 2799 *μή
327 2707 373 2776 τῶ
393 2709 455 2795 μὲν
474 2749 517 2758 -
539 2709 739 2786 ποθέοντες’
759 2708 824 2774 τιτέ.
853 2711 895 2774 A.

129 2815 201 2879 249.
235 2809 344 2892 οὕτως
360 2807 571 2897 Ἀρίσταρχος
599 2803 662 2894 ἐφ’
681 2810 840 2895 ἵππων,
871 2805 917 2889 ῶς
936 2815 967 2879 εί
985 2812 1100 2897 ἔλεγεν
1119 2810 1174 2879 ἐπ’

65 2908 220 2996 Ἀθηνῶν
242 2909 316 2982 ἀντὶ
337 2920 398 2980 τού
417 2909 470 2980 ἐπ’
490 2909 635 2996 Ἀθήνας
656 2918 726 2978 m.
749 2916 792 2980 A.

146 3017 219 3082 263.
244 3017 298 3083 Of.
317 3017 459 3102 Duentz.
475 3014 599 3081 Zenod.
614 3037 647 3104 p.
640 3017 691 3098 .,3
707 3015 931 3082 12etF1-iedl.
943 3016 1090 3083 Ariston.
1106 3018 1174 3084 h..l
1247 3016 1254 3028 '

149 3118 222 3183 272.
245 3115 451 3204 μήστωρε
475 3112 584 3196 οὕτως
598 3112 809 3248 Ἀρίσταρχος
826 3114 1014 3203 μήστωρε
1032 3121 1172 3199 δυίιιῶς·

68 3218 121 3283 ἐπὶ
144 3213 209 3302 γάρ
232 3225 301 3286 τῶν
317 3220 440 3286 ιππων.
463 3221 505 3286 Α.

148 3322 224 3386 293.
255 3315 365 3399 οὕτως
369 3316 593 3407 Ἀρίσταρχος
615 3321 632 3385 ἐ
639 3319 814 3406 ξείυθη
838 3316 933 3388 ἀλλοι
955 3285 992 3391 δέ
1014 3325 1174 3413 (Ζειιοδο-
1195 3388 1200 3397 ,

65 3429 114 3484 tus
141 3430 225 3488 teste
245 3423 301 3511 L.)
325 3420 518 3508 ἐξεσύθη.
542 3425 584 3488 A.
624 3422 755 3488 Abhinc
776 3422 924 3489 lacuna
915 3448 950 3488 m
970 3426 1042 3492 οοδ.
1065 3427 1107 3492 Α.

150 3522 234 3610 [463.
255 3519 556 3610 ὀβριμοεργός,
576 3519 787 3610 Ἀρίσταρχος
809 3550 829 3589 α
831 3521 1037 3611 ἐσυίοερχός.
1061 3527 1144 3615 LV.]

151 3622 237 3711 [416.
260 3619 282 3710 ή
297 3619 513 3714 Ἀριστάρχου
528 3623 656 3710 ἑνικῶς,
676 3621 907 3711 ήΖηνοδότον
918 3632 1073 3713 χερσίν.
1088 3629 1173 3718 LV.]

151 3725 235 3812 [425.
254 3723 354 3793 -’τδ
378 3726 415 3794 δέ
434 3725 695 3812 κατεμύξατό
718 3745 800 3812 φησι
824 3729 879 3794 διά
903 3734 964 3794 τοῦ
981 3755 1012 3794 α.
1032 3730 1114 3819 BL]

150 3826 235 3914 [443.
256 3824 465 3912 Ἀρίσταρχος
486 3825 668 3913 τυτθόν,
690 3823 733 3895 ού
754 3828 917 3898 πολλόν
935 3831 987 3922 L.]

150 3928 235 4016 [461.
272 3933 433 4014 Τρωίας
458 3926 500 3996 δέ
519 3936 675 4016 στίχας·
709 3931 746 3996 έν
767 3936 808 4020 νή
829 3933 1176 4021 ΣινωπικήιιαὶΚυν

68 4031 147 4116 πρίᾳ
176 4028 232 4094 καὶ
250 4025 450 4116 Ἀντιμάχου
476 4037 605 4118 Τρωίας
628 4029 692 4117 εἶχε
712 4030 778 4100 σὺν
801 4039 888 4122 τῶι,
909 4027 970 4110 ῶς·
993 4033 1117 4108 ἵππους
1139 4032 1176 4098 δὲ

73 4133 304 4215 Τρωίους’-
262 4133 411 4223 -.LV]
1051 4163 1053 4166 ·

154 4233 240 4321 [466.
260 4245 478 4320 ποιητοῖσι
499 4231 563 4302 δὲ’
557 4241 775 4370 Αρίσταρχος,
796 4232 986 4319 Ζηνόδοτος
1006 4233 1043 4298 δὲ
1059 4255 1175 4317 ποιη-

68 4338 169 4421 τήσι.
192 4334 277 4424 LV.]
395 4372 440 4384 w
