<?xml version="1.0" encoding="UTF-8"?>
<!DOCTYPE html PUBLIC "-//W3C//DTD XHTML 1.0 Transitional//EN"
    "http://www.w3.org/TR/xhtml1/DTD/xhtml1-transitional.dtd">
<html xmlns="http://www.w3.org/1999/xhtml" xml:lang="en" lang="en">
 <head>
  <title>
</title>
<meta http-equiv="Content-Type" content="text/html;charset=utf-8" />
  <meta name='ocr-system' content='tesseract 3.04.00' />
  <meta name='ocr-capabilities' content='ocr_page ocr_carea ocr_par ocr_line ocrx_word'/>
</head>
<body>
  <div class='ocr_page' id='page_1' title='image "./didymichalcente01schmgoog_0140.png"; bbox 0 0 2752 4890; ppageno 0'>
   <div class='ocr_carea' id='block_1_1' title="bbox 577 366 771 430">
    <p class='ocr_par' dir='ltr' id='par_1_1' title="bbox 577 366 771 430">
     <span class='ocr_line' id='line_1_1' title="bbox 577 366 771 430; baseline -0.01 -16"><span class='ocrx_word' id='word_1_1' title='bbox 577 366 771 430; x_wconf 73' lang='lat'>..9-</span> 
     </span>
    </p>
   </div>
   <div class='ocr_carea' id='block_1_2' title="bbox 37 522 1289 4394">
    <p class='ocr_par' dir='ltr' id='par_1_2' title="bbox 117 522 1231 718">
     <span class='ocr_line' id='line_1_2' title="bbox 209 522 1231 616; baseline 0.005 -22"><span class='ocrx_word' id='word_1_2' title='bbox 209 534 278 598; x_wconf 86' lang='grc'><strong><em>164.</em></strong></span> <span class='ocrx_word' id='word_1_3' title='bbox 312 537 405 607; x_wconf 73' lang='grc' dir='ltr'><strong><em>σοῖς</em></strong></span> <span class='ocrx_word' id='word_1_4' title='bbox 426 523 459 595; x_wconf 90' lang='grc' dir='ltr'><strong><em>δ’</em></strong></span> <span class='ocrx_word' id='word_1_5' title='bbox 484 522 671 614; x_wconf 77' lang='grc' dir='ltr'><strong><em>άγανοίς·</em></strong></span> <span class='ocrx_word' id='word_1_6' title='bbox 704 529 805 616; x_wconf 81' lang='grc' dir='ltr'><strong><em>χωρίς</em></strong></span> <span class='ocrx_word' id='word_1_7' title='bbox 825 531 887 596; x_wconf 83' lang='grc' dir='ltr'><strong><em>τοῦ</em></strong></span> <span class='ocrx_word' id='word_1_8' title='bbox 909 532 931 596; x_wconf 86' lang='grc' dir='ltr'><strong><em>δ</em></strong></span> <span class='ocrx_word' id='word_1_9' title='bbox 951 524 1042 613; x_wconf 81' lang='grc' dir='ltr'><strong><em>εἶχον</em></strong></span> <span class='ocrx_word' id='word_1_10' title='bbox 1064 530 1101 596; x_wconf 83' lang='grc' dir='ltr'><strong><em>αἱ</em></strong></span> <span class='ocrx_word' id='word_1_11' title='bbox 1118 534 1231 615; x_wconf 82' lang='grc' dir='ltr'><strong><em>χαριέ-</em></strong></span> 
     </span>
     <span class='ocr_line' id='line_1_3' title="bbox 117 626 1229 718; baseline 0.001 -21"><span class='ocrx_word' id='word_1_12' title='bbox 117 650 235 704; x_wconf 77' lang='grc' dir='ltr'><strong><em>σταται</em></strong></span> <span class='ocrx_word' id='word_1_13' title='bbox 262 642 353 710; x_wconf 81' lang='grc' dir='ltr'><strong><em>σοίς</em></strong></span> <span class='ocrx_word' id='word_1_14' title='bbox 385 627 566 714; x_wconf 80' lang='grc' dir='ltr'><strong><em>άγανοίς.</em></strong></span> <span class='ocrx_word' id='word_1_15' title='bbox 600 629 656 698; x_wconf 84' lang='grc' dir='ltr'><strong><em>καὶ</em></strong></span> <span class='ocrx_word' id='word_1_16' title='bbox 674 626 695 717; x_wconf 91' lang='lat'><strong><em>6</em></strong></span> <span class='ocrx_word' id='word_1_17' title='bbox 714 626 978 716; x_wconf 73' lang='grc' dir='ltr'><strong><em>Ἀριστοφάνους</em></strong></span> <span class='ocrx_word' id='word_1_18' title='bbox 1002 627 1110 710; x_wconf 78' lang='grc' dir='ltr'><strong><em>οὕτως</em></strong></span> <span class='ocrx_word' id='word_1_19' title='bbox 1133 628 1229 718; x_wconf 79' lang='grc' dir='ltr'><strong><em>εἶχεν.</em></strong></span> 
     </span>
    </p>

    <p class='ocr_par' dir='ltr' id='par_1_3' title="bbox 115 728 1232 1127">
     <span class='ocr_line' id='line_1_4' title="bbox 206 728 1231 822; baseline 0.002 -22"><span class='ocrx_word' id='word_1_20' title='bbox 206 737 277 802; x_wconf 83' lang='grc'><strong><em>192.</em></strong></span> <span class='ocrx_word' id='word_1_21' title='bbox 320 730 386 801; x_wconf 84' lang='grc' dir='ltr'><strong><em>κάν</em></strong></span> <span class='ocrx_word' id='word_1_22' title='bbox 418 745 489 812; x_wconf 75' lang='grc' dir='ltr'><strong><em>ταῖς</em></strong></span> <span class='ocrx_word' id='word_1_23' title='bbox 516 733 723 818; x_wconf 73' lang='grc' dir='ltr'><strong><em>διορθώσεσι</em></strong></span> <span class='ocrx_word' id='word_1_24' title='bbox 750 735 806 802; x_wconf 84' lang='grc' dir='ltr'><strong><em>καλ</em></strong></span> <span class='ocrx_word' id='word_1_25' title='bbox 833 733 872 800; x_wconf 78' lang='grc' dir='ltr'><strong><em>ἐν</em></strong></span> <span class='ocrx_word' id='word_1_26' title='bbox 899 745 968 813; x_wconf 67' lang='grc' dir='ltr'><strong><em>τοῖς</em></strong></span> <span class='ocrx_word' id='word_1_27' title='bbox 992 728 1231 822; x_wconf 74' lang='grc' dir='ltr'><strong><em>ὑπομνήμασιν</em></strong></span> 
     </span>
     <span class='ocr_line' id='line_1_5' title="bbox 116 833 1231 923; baseline -0.001 -18"><span class='ocrx_word' id='word_1_28' title='bbox 116 833 227 914; x_wconf 83' lang='grc' dir='ltr'><strong><em>οὕτως</em></strong></span> <span class='ocrx_word' id='word_1_29' title='bbox 249 836 432 923; x_wconf 73' lang='grc' dir='ltr'><strong><em>ἐγέγραπτο</em></strong></span> <span class='ocrx_word' id='word_1_30' title='bbox 454 833 712 923; x_wconf 84' lang='grc' dir='ltr'><strong><em>Ἀτρείωνος.</em></strong></span> <span class='ocrx_word' id='word_1_31' title='bbox 741 836 797 904; x_wconf 84' lang='grc' dir='ltr'><strong><em>καλ</em></strong></span> <span class='ocrx_word' id='word_1_32' title='bbox 819 838 856 903; x_wconf 78' lang='lat' dir='ltr'><strong><em>ac</em></strong></span> <span class='ocrx_word' id='word_1_33' title='bbox 873 839 1010 915; x_wconf 80' lang='grc' dir='ltr'><strong><em>πλείους</em></strong></span> <span class='ocrx_word' id='word_1_34' title='bbox 1032 835 1070 904; x_wconf 77' lang='grc' dir='ltr'><strong><em>δὲ</em></strong></span> <span class='ocrx_word' id='word_1_35' title='bbox 1087 841 1156 904; x_wconf 72' lang='grc' dir='ltr'><strong><em>τῶν</em></strong></span> <span class='ocrx_word' id='word_1_36' title='bbox 1171 861 1231 922; x_wconf 86' lang='grc' dir='ltr'><strong><em>χα-</em></strong></span> 
     </span>
     <span class='ocr_line' id='line_1_6' title="bbox 116 933 1232 1025; baseline 0.001 -19"><span class='ocrx_word' id='word_1_37' title='bbox 116 942 302 1024; x_wconf 78' lang='grc' dir='ltr'><strong><em>ριεστέρων</em></strong></span> <span class='ocrx_word' id='word_1_38' title='bbox 321 936 430 1020; x_wconf 81' lang='grc' dir='ltr'><strong><em>οὕτως</em></strong></span> <span class='ocrx_word' id='word_1_39' title='bbox 453 936 554 1025; x_wconf 85' lang='grc' dir='ltr'><strong><em>είχου.</em></strong></span> <span class='ocrx_word' id='word_1_40' title='bbox 578 939 633 1007; x_wconf 86' lang='grc' dir='ltr'><strong><em>καλ</em></strong></span> <span class='ocrx_word' id='word_1_41' title='bbox 654 934 675 1025; x_wconf 90' lang='grc' dir='ltr'><strong><em>ή</em></strong></span> <span class='ocrx_word' id='word_1_42' title='bbox 694 933 976 1025; x_wconf 75' lang='grc' dir='ltr'><strong><em>Ἀριστοφάνειος.</em></strong></span> <span class='ocrx_word' id='word_1_43' title='bbox 999 940 1055 1006; x_wconf 79' lang='grc' dir='ltr'><strong><em>καλ</em></strong></span> <span class='ocrx_word' id='word_1_44' title='bbox 1076 935 1093 1006; x_wconf 97' lang='lat'><strong><em>6</em></strong></span> <span class='ocrx_word' id='word_1_45' title='bbox 1117 936 1232 1007; x_wconf 74' lang='grc' dir='ltr'><strong><em>Σιδώ-</em></strong></span> 
     </span>
     <span class='ocr_line' id='line_1_7' title="bbox 115 1036 915 1127; baseline -0.003 -19"><span class='ocrx_word' id='word_1_46' title='bbox 115 1065 190 1120; x_wconf 90' lang='grc' dir='ltr'><strong><em>νιος</em></strong></span> <span class='ocrx_word' id='word_1_47' title='bbox 215 1038 252 1107; x_wconf 70' lang='grc' dir='ltr'><strong><em>δὲ</em></strong></span> <span class='ocrx_word' id='word_1_48' title='bbox 275 1039 331 1107; x_wconf 83' lang='grc' dir='ltr'><strong><em>καί</em></strong></span> <span class='ocrx_word' id='word_1_49' title='bbox 352 1036 371 1106; x_wconf 89' lang='lat'><strong><em>6</em></strong></span> <span class='ocrx_word' id='word_1_50' title='bbox 391 1037 496 1120; x_wconf 77' lang='grc' dir='ltr'><strong><em>Ἰξίων</em></strong></span> <span class='ocrx_word' id='word_1_51' title='bbox 517 1037 625 1121; x_wconf 80' lang='grc' dir='ltr'><strong><em>οὕτως</em></strong></span> <span class='ocrx_word' id='word_1_52' title='bbox 647 1039 850 1127; x_wconf 89' lang='grc' dir='ltr'><strong><em>γράφουσιν.</em></strong></span> <span class='ocrx_word' id='word_1_53' title='bbox 874 1044 915 1107; x_wconf 90' lang='lat' dir='ltr'><strong><em>A.</em></strong></span> 
     </span>
    </p>

    <p class='ocr_par' dir='ltr' id='par_1_4' title="bbox 116 1138 1234 1741">
     <span class='ocr_line' id='line_1_8' title="bbox 206 1138 1231 1230; baseline 0.002 -20"><span class='ocrx_word' id='word_1_54' title='bbox 206 1147 277 1210; x_wconf 83' lang='grc'><strong><em>196.</em></strong></span> <span class='ocrx_word' id='word_1_55' title='bbox 315 1138 424 1223; x_wconf 78' lang='grc' dir='ltr'><strong><em>οὕτως</em></strong></span> <span class='ocrx_word' id='word_1_56' title='bbox 443 1141 563 1223; x_wconf 71' lang='grc' dir='ltr'><strong><em>ἑνικῶς</em></strong></span> <span class='ocrx_word' id='word_1_57' title='bbox 587 1146 623 1211; x_wconf 91' lang='grc' dir='ltr'><strong><em>αί</em></strong></span> <span class='ocrx_word' id='word_1_58' title='bbox 638 1139 868 1230; x_wconf 88' lang='grc' dir='ltr'><strong><em>Ἀριστάρχου.</em></strong></span> <span class='ocrx_word' id='word_1_59' title='bbox 891 1145 947 1210; x_wconf 79' lang='grc' dir='ltr'><strong><em>καί</em></strong></span> <span class='ocrx_word' id='word_1_60' title='bbox 969 1149 1175 1229; x_wconf 76' lang='grc' dir='ltr'><strong><em>Πτολεμαλος</em></strong></span> <span class='ocrx_word' id='word_1_61' title='bbox 1194 1145 1231 1212; x_wconf 79' lang='grc' dir='ltr'><strong><em>δὲ</em></strong></span> 
     </span>
     <span class='ocr_line' id='line_1_9' title="bbox 116 1240 1231 1336; baseline -0.002 -22"><span class='ocrx_word' id='word_1_62' title='bbox 116 1243 136 1314; x_wconf 90' lang='lat'><strong><em>6</em></strong></span> <span class='ocrx_word' id='word_1_63' title='bbox 160 1245 318 1332; x_wconf 77' lang='grc' dir='ltr'><strong><em>ἐτιθίτής</em></strong></span> <span class='ocrx_word' id='word_1_64' title='bbox 344 1245 382 1312; x_wconf 77' lang='grc' dir='ltr'><strong><em>ἐν</em></strong></span> <span class='ocrx_word' id='word_1_65' title='bbox 409 1250 456 1336; x_wconf 77' lang='grc' dir='ltr'><strong><em>τῷ</em></strong></span> <span class='ocrx_word' id='word_1_66' title='bbox 480 1244 602 1335; x_wconf 81' lang='grc' dir='ltr'><strong><em>τράτφ</em></strong></span> <span class='ocrx_word' id='word_1_67' title='bbox 628 1247 707 1332; x_wconf 80' lang='grc' dir='ltr'><strong><em>τερλ</em></strong></span> <span class='ocrx_word' id='word_1_68' title='bbox 723 1242 861 1325; x_wconf 76' lang='grc' dir='ltr'><strong><em>Ἰλιάδος</em></strong></span> <span class='ocrx_word' id='word_1_69' title='bbox 879 1241 1126 1330; x_wconf 80' lang='grc' dir='ltr'><strong><em>Ἀριστάρχειον</em></strong></span> <span class='ocrx_word' id='word_1_70' title='bbox 1147 1240 1231 1330; x_wconf 84' lang='grc' dir='ltr'><strong><em>ὀμο-</em></strong></span> 
     </span>
     <span class='ocr_line' id='line_1_10' title="bbox 116 1343 1231 1436; baseline -0.001 -19"><span class='ocrx_word' id='word_1_71' title='bbox 116 1357 215 1434; x_wconf 74' lang='grc' dir='ltr'><strong><em>λογεε</em></strong></span> <span class='ocrx_word' id='word_1_72' title='bbox 230 1347 292 1434; x_wconf 89' lang='grc' dir='ltr'><strong><em>τήν</em></strong></span> <span class='ocrx_word' id='word_1_73' title='bbox 312 1347 458 1436; x_wconf 92' lang='grc' dir='ltr'><strong><em>γραφήν.</em></strong></span> <span class='ocrx_word' id='word_1_74' title='bbox 489 1346 579 1434; x_wconf 80' lang='grc' dir='ltr'><strong><em>εἶχον</em></strong></span> <span class='ocrx_word' id='word_1_75' title='bbox 597 1348 635 1417; x_wconf 71' lang='grc' dir='ltr'><strong><em>δὲ</em></strong></span> <span class='ocrx_word' id='word_1_76' title='bbox 653 1349 708 1417; x_wconf 81' lang='grc' dir='ltr'><strong><em>καὶ</em></strong></span> <span class='ocrx_word' id='word_1_77' title='bbox 730 1351 768 1416; x_wconf 76' lang='lat' dir='ltr'><strong><em>ac</em></strong></span> <span class='ocrx_word' id='word_1_78' title='bbox 787 1351 996 1435; x_wconf 83' lang='grc' dir='ltr'><strong><em>χαριέσταται</em></strong></span> <span class='ocrx_word' id='word_1_79' title='bbox 1017 1343 1126 1427; x_wconf 78' lang='grc' dir='ltr'><strong><em>οὕτως</em></strong></span> <span class='ocrx_word' id='word_1_80' title='bbox 1147 1343 1231 1416; x_wconf 83' lang='grc' dir='ltr'><strong><em>ἄνευ</em></strong></span> 
     </span>
     <span class='ocr_line' id='line_1_11' title="bbox 119 1448 1232 1539; baseline 0.001 -20"><span class='ocrx_word' id='word_1_81' title='bbox 119 1455 179 1537; x_wconf 80' lang='grc' dir='ltr'><strong><em>τῆς</em></strong></span> <span class='ocrx_word' id='word_1_82' title='bbox 198 1448 456 1537; x_wconf 84' lang='grc' dir='ltr'><strong><em>Ζήνοδότον,“</em></strong></span> <span class='ocrx_word' id='word_1_83' title='bbox 435 1477 474 1531; x_wconf 88' lang='grc' dir='ltr'><strong><em>ος</em></strong></span> <span class='ocrx_word' id='word_1_84' title='bbox 493 1450 616 1538; x_wconf 86' lang='grc' dir='ltr'><strong><em>γράφει</em></strong></span> <span class='ocrx_word' id='word_1_85' title='bbox 635 1451 894 1537; x_wconf 77' lang='grc' dir='ltr'><strong><em>διοτρεφέων</em></strong></span> <span class='ocrx_word' id='word_1_86' title='bbox 915 1448 1142 1539; x_wconf 76' lang='grc' dir='ltr'><strong><em>βασιλήων.</em></strong></span> <span class='ocrx_word' id='word_1_87' title='bbox 1178 1451 1232 1520; x_wconf 59' lang='lat' dir='ltr'><strong><em>&amp;xl</em></strong></span> 
     </span>
     <span class='ocr_line' id='line_1_12' title="bbox 119 1547 1234 1642; baseline 0.002 -21"><span class='ocrx_word' id='word_1_88' title='bbox 119 1550 211 1621; x_wconf 71' lang='grc' dir='ltr'><strong><em>δὲ</em></strong></span> <span class='ocrx_word' id='word_1_89' title='bbox 176 1577 238 1632; x_wconf 83' lang='grc' dir='ltr'><strong><em>τον</em></strong></span> <span class='ocrx_word' id='word_1_90' title='bbox 252 1547 483 1639; x_wconf 81' lang='grc' dir='ltr'><strong><em>Ἀγαμέμνονα</em></strong></span> <span class='ocrx_word' id='word_1_91' title='bbox 505 1550 707 1642; x_wconf 80' lang='grc' dir='ltr'><strong><em>ἀναφέρεται</em></strong></span> <span class='ocrx_word' id='word_1_92' title='bbox 736 1549 891 1639; x_wconf 89' lang='grc' dir='ltr'><strong><em>ὁλόγος·</em></strong></span> <span class='ocrx_word' id='word_1_93' title='bbox 930 1550 985 1620; x_wconf 87' lang='grc' dir='ltr'><strong><em>διό</em></strong></span> <span class='ocrx_word' id='word_1_94' title='bbox 1006 1571 1090 1638; x_wconf 86' lang='grc' dir='ltr'><strong><em>φησι</em></strong></span> <span class='ocrx_word' id='word_1_95' title='bbox 1119 1563 1234 1639; x_wconf 79' lang='grc' dir='ltr'><strong><em>φιλελ</em></strong></span> 
     </span>
     <span class='ocr_line' id='line_1_13' title="bbox 119 1654 549 1741; baseline 0.007 -19"><span class='ocrx_word' id='word_1_96' title='bbox 119 1654 197 1723; x_wconf 82' lang='grc' dir='ltr'><strong><em>δίε</em></strong></span> <span class='ocrx_word' id='word_1_97' title='bbox 213 1658 355 1741; x_wconf 80' lang='grc' dir='ltr'><strong><em>μητίετα</em></strong></span> <span class='ocrx_word' id='word_1_98' title='bbox 371 1654 486 1736; x_wconf 79' lang='grc' dir='ltr'><strong><em>Ζεύς’</em></strong></span> <span class='ocrx_word' id='word_1_99' title='bbox 507 1659 549 1724; x_wconf 89' lang='lat' dir='ltr'><strong><em>A.</em></strong></span> 
     </span>
    </p>

    <p class='ocr_par' dir='ltr' id='par_1_5' title="bbox 205 1752 1046 1845">
     <span class='ocr_line' id='line_1_14' title="bbox 205 1752 1046 1845; baseline 0.001 -22"><span class='ocrx_word' id='word_1_100' title='bbox 205 1762 277 1826; x_wconf 92' lang='grc'><strong><em>265.</em></strong></span> <span class='ocrx_word' id='word_1_101' title='bbox 300 1752 338 1823; x_wconf 85' lang='grc' dir='ltr'><strong><em>τὸ</em></strong></span> <span class='ocrx_word' id='word_1_102' title='bbox 360 1759 468 1825; x_wconf 86' lang='grc' dir='ltr'><strong><em>δακε</em></strong></span> <span class='ocrx_word' id='word_1_103' title='bbox 486 1754 607 1838; x_wconf 79' lang='grc' dir='ltr'><strong><em>Ἰακολς.</em></strong></span> <span class='ocrx_word' id='word_1_104' title='bbox 631 1755 740 1840; x_wconf 81' lang='grc' dir='ltr'><strong><em>οὕτως</em></strong></span> <span class='ocrx_word' id='word_1_105' title='bbox 758 1753 977 1845; x_wconf 79' lang='grc' dir='ltr'><strong><em>Ἀρίσταρχος.</em></strong></span> <span class='ocrx_word' id='word_1_106' title='bbox 1003 1761 1046 1824; x_wconf 92' lang='lat' dir='ltr'><strong><em>A.</em></strong></span> 
     </span>
    </p>

    <p class='ocr_par' dir='ltr' id='par_1_6' title="bbox 116 1854 1231 2150">
     <span class='ocr_line' id='line_1_15' title="bbox 205 1854 1231 1947; baseline 0.007 -24"><span class='ocrx_word' id='word_1_107' title='bbox 205 1862 277 1926; x_wconf 90' lang='grc'><strong><em>221.</em></strong></span> <span class='ocrx_word' id='word_1_108' title='bbox 323 1856 392 1926; x_wconf 79' lang='grc' dir='ltr'><strong><em>τά·</em></strong></span> <span class='ocrx_word' id='word_1_109' title='bbox 425 1855 491 1927; x_wconf 81' lang='grc' dir='ltr'><strong><em>κᾶν</em></strong></span> <span class='ocrx_word' id='word_1_110' title='bbox 515 1871 586 1939; x_wconf 70' lang='grc' dir='ltr'><strong><em>ταῖς</em></strong></span> <span class='ocrx_word' id='word_1_111' title='bbox 603 1854 821 1947; x_wconf 88' lang='grc' dir='ltr'><strong><em>Ἀριστάρχου</em></strong></span> <span class='ocrx_word' id='word_1_112' title='bbox 843 1859 996 1928; x_wconf 80' lang='grc' dir='ltr'><strong><em>ἐκδόσεσι</em></strong></span> <span class='ocrx_word' id='word_1_113' title='bbox 1019 1862 1144 1940; x_wconf 76' lang='grc' dir='ltr'><strong><em>δυλκτῖς</em></strong></span> <span class='ocrx_word' id='word_1_114' title='bbox 1166 1858 1231 1947; x_wconf 78' lang='grc' dir='ltr'><strong><em>εἶχε</em></strong></span> 
     </span>
     <span class='ocr_line' id='line_1_16' title="bbox 116 1956 1231 2051; baseline 0.003 -23"><span class='ocrx_word' id='word_1_115' title='bbox 116 1958 156 2028; x_wconf 87' lang='grc' dir='ltr'>τὸ</span> <span class='ocrx_word' id='word_1_116' title='bbox 178 1958 242 2028; x_wconf 79' lang='grc' dir='ltr'><strong><em>τά.</em></strong></span> <span class='ocrx_word' id='word_1_117' title='bbox 264 1956 329 2028; x_wconf 81' lang='grc' dir='ltr'><strong><em>κάν</em></strong></span> <span class='ocrx_word' id='word_1_118' title='bbox 349 1978 417 2029; x_wconf 85' lang='grc' dir='ltr'><strong><em>τισι</em></strong></span> <span class='ocrx_word' id='word_1_119' title='bbox 440 1961 477 2029; x_wconf 76' lang='grc' dir='ltr'><strong><em>δὲ</em></strong></span> <span class='ocrx_word' id='word_1_120' title='bbox 499 1986 568 2028; x_wconf 84' lang='grc' dir='ltr'><strong><em>των</em></strong></span> <span class='ocrx_word' id='word_1_121' title='bbox 589 1957 779 2030; x_wconf 68' lang='grc' dir='ltr'><strong><em>ααλαιαλν’</em></strong></span> <span class='ocrx_word' id='word_1_122' title='bbox 760 1961 1011 2051; x_wconf 84' lang='grc' dir='ltr'><strong><em>υιιομυήμάταν</em></strong></span> <span class='ocrx_word' id='word_1_123' title='bbox 1026 1957 1135 2042; x_wconf 81' lang='grc' dir='ltr'><strong><em>οὕτως</em></strong></span> <span class='ocrx_word' id='word_1_124' title='bbox 1151 1963 1231 2049; x_wconf 78' lang='grc' dir='ltr'><strong><em>ἐφέ-</em></strong></span> 
     </span>
     <span class='ocr_line' id='line_1_17' title="bbox 118 2065 274 2150; baseline 0 -20"><span class='ocrx_word' id='word_1_125' title='bbox 118 2087 207 2150; x_wconf 84' lang='grc' dir='ltr'><strong><em>ρετο.</em></strong></span> <span class='ocrx_word' id='word_1_126' title='bbox 232 2065 274 2130; x_wconf 90' lang='lat' dir='ltr'><strong><em>A.</em></strong></span> 
     </span>
    </p>

    <p class='ocr_par' dir='ltr' id='par_1_7' title="bbox 207 2105 1232 2254">
     <span class='ocr_line' id='line_1_18' title="bbox 207 2105 1232 2254; baseline 0.007 -25"><span class='ocrx_word' id='word_1_127' title='bbox 207 2165 291 2254; x_wconf 85' lang='grc'><strong><em>[225.</em></strong></span> <span class='ocrx_word' id='word_1_128' title='bbox 320 2161 442 2231; x_wconf 80' lang='grc' dir='ltr'><strong><em>τέοδ’</em></strong></span> <span class='ocrx_word' id='word_1_129' title='bbox 467 2154 580 2232; x_wconf 80' lang='grc' dir='ltr'><strong><em>αὖτε·</em></strong></span> <span class='ocrx_word' id='word_1_130' title='bbox 608 2161 716 2246; x_wconf 78' lang='grc' dir='ltr'><strong><em>οὕτως</em></strong></span> <span class='ocrx_word' id='word_1_131' title='bbox 734 2163 954 2250; x_wconf 88' lang='grc' dir='ltr'><strong><em>Ἀρίσταρχος.</em></strong></span> <span class='ocrx_word' id='word_1_132' title='bbox 988 2105 1232 2253; x_wconf 64' lang='grc' dir='ltr'><strong><em>ᾖήνόδοτοςδλ</em></strong></span> 
     </span>
    </p>

    <p class='ocr_par' dir='ltr' id='par_1_8' title="bbox 47 2263 1235 2944">
     <span class='ocr_line' id='line_1_19' title="bbox 115 2263 437 2357; baseline -0.01 -23"><span class='ocrx_word' id='word_1_133' title='bbox 115 2263 174 2335; x_wconf 85' lang='grc' dir='ltr'><strong><em>διά</em></strong></span> <span class='ocrx_word' id='word_1_134' title='bbox 195 2271 258 2334; x_wconf 81' lang='grc' dir='ltr'><strong><em>τοῦ</em></strong></span> <span class='ocrx_word' id='word_1_135' title='bbox 280 2291 333 2352; x_wconf 83' lang='grc' dir='ltr'><strong><em>ην.</em></strong></span> <span class='ocrx_word' id='word_1_136' title='bbox 355 2267 437 2357; x_wconf 44' lang='lat' dir='ltr'><strong><em>Vs]</em></strong></span> 
     </span>
     <span class='ocr_line' id='line_1_20' title="bbox 47 2363 1235 2458; baseline 0.008 -27"><span class='ocrx_word' id='word_1_137' title='bbox 47 2374 51 2379; x_wconf 89' lang='grc'><strong><em>’</em></strong></span> <span class='ocrx_word' id='word_1_138' title='bbox 181 2372 277 2436; x_wconf 91' lang='grc'><strong><em>258.</em></strong></span> <span class='ocrx_word' id='word_1_139' title='bbox 312 2363 330 2434; x_wconf 93' lang='lat'><em>6</em></span> <span class='ocrx_word' id='word_1_140' title='bbox 359 2368 422 2454; x_wconf 75' lang='grc' dir='ltr'><strong><em>μὲν</em></strong></span> <span class='ocrx_word' id='word_1_141' title='bbox 441 2363 651 2455; x_wconf 85' lang='grc' dir='ltr'><strong><em>Ἀρίσταρχος</em></strong></span> <span class='ocrx_word' id='word_1_142' title='bbox 671 2371 714 2444; x_wconf 76' lang='grc' dir='ltr'><strong><em>εί</em></strong></span> <span class='ocrx_word' id='word_1_143' title='bbox 731 2371 777 2436; x_wconf 80' lang='grc' dir='ltr'><strong><em>δι’</em></strong></span> <span class='ocrx_word' id='word_1_144' title='bbox 795 2395 849 2458; x_wconf 87' lang='grc' dir='ltr'><strong><em>τι,</em></strong></span> <span class='ocrx_word' id='word_1_145' title='bbox 882 2366 962 2450; x_wconf 72' lang='lat'><strong><em>966</em></strong></span> <span class='ocrx_word' id='word_1_146' title='bbox 982 2367 1172 2456; x_wconf 79' lang='grc' dir='ltr'><strong><em>Ζηνόδοτος</em></strong></span> <span class='ocrx_word' id='word_1_147' title='bbox 1195 2379 1235 2440; x_wconf 85' lang='grc' dir='ltr'><strong><em>εί</em></strong></span> 
     </span>
     <span class='ocr_line' id='line_1_21' title="bbox 116 2465 1230 2559; baseline 0.001 -20"><span class='ocrx_word' id='word_1_148' title='bbox 116 2467 153 2539; x_wconf 91' lang='grc' dir='ltr'><strong><em>κ’</em></strong></span> <span class='ocrx_word' id='word_1_149' title='bbox 181 2473 252 2538; x_wconf 78' lang='grc' dir='ltr'><strong><em>ἔτι.</em></strong></span> <span class='ocrx_word' id='word_1_150' title='bbox 293 2465 547 2556; x_wconf 76' lang='grc' dir='ltr'><strong><em>δαροκριτέου.</em></strong></span> <span class='ocrx_word' id='word_1_151' title='bbox 589 2465 669 2556; x_wconf 76' lang='grc' dir='ltr'><strong><em>ήδὲ</em></strong></span> <span class='ocrx_word' id='word_1_152' title='bbox 688 2469 865 2559; x_wconf 78' lang='grc' dir='ltr'><strong><em>Σινωπική</em></strong></span> <span class='ocrx_word' id='word_1_153' title='bbox 888 2468 969 2557; x_wconf 86' lang='grc' dir='ltr'><strong><em>είχε·</em></strong></span> <span class='ocrx_word' id='word_1_154' title='bbox 1002 2470 1230 2559; x_wconf 79' lang='grc' dir='ltr'><strong><em>κιχήσομαι</em></strong></span> 
     </span>
     <span class='ocr_line' id='line_1_22' title="bbox 115 2563 1229 2661; baseline -0.001 -19"><span class='ocrx_word' id='word_1_155' title='bbox 115 2569 170 2651; x_wconf 73' lang='grc' dir='ltr'><strong><em>ὡς</em></strong></span> <span class='ocrx_word' id='word_1_156' title='bbox 204 2568 248 2639; x_wconf 82' lang='grc' dir='ltr'><strong><em>τὰ</em></strong></span> <span class='ocrx_word' id='word_1_157' title='bbox 282 2569 415 2657; x_wconf 80' lang='grc' dir='ltr'><strong><em>κάρος</em></strong></span> <span class='ocrx_word' id='word_1_158' title='bbox 448 2595 538 2658; x_wconf 84' lang='grc' dir='ltr'><strong><em>τερ,</em></strong></span> <span class='ocrx_word' id='word_1_159' title='bbox 571 2568 646 2640; x_wconf 82' lang='grc' dir='ltr'><strong><em>ἀντὶ</em></strong></span> <span class='ocrx_word' id='word_1_160' title='bbox 667 2577 744 2640; x_wconf 82' lang='grc' dir='ltr'><strong><em>τοῦ·</em></strong></span> <span class='ocrx_word' id='word_1_161' title='bbox 783 2571 907 2654; x_wconf 81' lang='lat'><em>6996</em></span> <span class='ocrx_word' id='word_1_162' title='bbox 927 2563 1111 2658; x_wconf 78' lang='grc' dir='ltr'><strong><em>τεράδε.</em></strong></span> <span class='ocrx_word' id='word_1_163' title='bbox 1153 2569 1229 2661; x_wconf 79' lang='grc' dir='ltr'><strong><em>ήδὲ</em></strong></span> 
     </span>
     <span class='ocr_line' id='line_1_23' title="bbox 115 2667 1231 2763; baseline 0 -21"><span class='ocrx_word' id='word_1_164' title='bbox 115 2670 399 2759; x_wconf 84' lang='grc' dir='ltr'><strong><em>Μασσαλιωτική·</em></strong></span> <span class='ocrx_word' id='word_1_165' title='bbox 421 2669 602 2758; x_wconf 74' lang='grc' dir='ltr'><strong><em>ὕστερον</em></strong></span> <span class='ocrx_word' id='word_1_166' title='bbox 625 2667 753 2756; x_wconf 81' lang='grc' dir='ltr'><strong><em>αὖτις.</em></strong></span> <span class='ocrx_word' id='word_1_167' title='bbox 775 2671 796 2763; x_wconf 97' lang='lat'><strong><em>6</em></strong></span> <span class='ocrx_word' id='word_1_168' title='bbox 815 2675 853 2744; x_wconf 77' lang='grc' dir='ltr'><strong><em>δὲ</em></strong></span> <span class='ocrx_word' id='word_1_169' title='bbox 874 2673 958 2744; x_wconf 77' lang='grc' dir='ltr'><strong><em>κατὰ</em></strong></span> <span class='ocrx_word' id='word_1_170' title='bbox 971 2673 1162 2761; x_wconf 80' lang='grc' dir='ltr'><strong><em>Φιλήμονα·</em></strong></span> <span class='ocrx_word' id='word_1_171' title='bbox 1186 2675 1231 2742; x_wconf 81' lang='grc' dir='ltr'><strong><em>ἐν</em></strong></span> 
     </span>
     <span class='ocr_line' id='line_1_24' title="bbox 115 2776 1228 2868; baseline 0.001 -24"><span class='ocrx_word' id='word_1_172' title='bbox 115 2785 365 2845; x_wconf 76' lang='grc' dir='ltr'><strong><em>Δαναοῖσιν.</em></strong></span> <span class='ocrx_word' id='word_1_173' title='bbox 393 2776 433 2841; x_wconf 90' lang='grc' dir='ltr'><strong><em>Β.</em></strong></span> <span class='ocrx_word' id='word_1_174' title='bbox 480 2776 562 2842; x_wconf 81' lang='lat' dir='ltr'><strong><em>Cum</em></strong></span> <span class='ocrx_word' id='word_1_175' title='bbox 583 2778 634 2844; x_wconf 86' lang='lat' dir='ltr'><strong><em>his</em></strong></span> <span class='ocrx_word' id='word_1_176' title='bbox 664 2780 707 2846; x_wconf 77' lang='lat' dir='ltr'>of.</span> <span class='ocrx_word' id='word_1_177' title='bbox 736 2801 820 2868; x_wconf 80' lang='lat' dir='ltr'><strong>quae</strong></span> <span class='ocrx_word' id='word_1_178' title='bbox 840 2801 987 2868; x_wconf 77' lang='lat' dir='ltr'><strong>suprap</strong></span> <span class='ocrx_word' id='word_1_179' title='bbox 1007 2782 1066 2844; x_wconf 80' lang='lat'><strong><em>113</em></strong></span> <span class='ocrx_word' id='word_1_180' title='bbox 1089 2778 1184 2845; x_wconf 71' lang='lat' dir='ltr'>adh.</span> <span class='ocrx_word' id='word_1_181' title='bbox 1206 2780 1228 2845; x_wconf 95' lang='lat' dir='ltr'>l.</span> 
     </span>
     <span class='ocr_line' id='line_1_25' title="bbox 116 2879 430 2944; baseline -0.007 0"><span class='ocrx_word' id='word_1_182' title='bbox 116 2902 162 2944; x_wconf 81' lang='lat' dir='ltr'><strong><em>ex</em></strong></span> <span class='ocrx_word' id='word_1_183' title='bbox 181 2879 213 2943; x_wconf 92' lang='lat' dir='ltr'>A</span> <span class='ocrx_word' id='word_1_184' title='bbox 234 2879 430 2944; x_wconf 80' lang='lat' dir='ltr'>notavimus.</span> 
     </span>
    </p>

    <p class='ocr_par' dir='ltr' id='par_1_9' title="bbox 203 2979 1183 3068">
     <span class='ocr_line' id='line_1_26' title="bbox 203 2979 1183 3068; baseline 0.003 -22"><span class='ocrx_word' id='word_1_185' title='bbox 203 2981 247 3046; x_wconf 88' lang='lat' dir='ltr'>ib.</span> <span class='ocrx_word' id='word_1_186' title='bbox 269 2979 507 3064; x_wconf 85' lang='grc' dir='ltr'><strong><em>κιχήσομαι·</em></strong></span> <span class='ocrx_word' id='word_1_187' title='bbox 517 2985 737 3066; x_wconf 71' lang='grc' dir='ltr'><strong><em>Πτολεμαῖος</em></strong></span> <span class='ocrx_word' id='word_1_188' title='bbox 755 2987 966 3068; x_wconf 86' lang='grc' dir='ltr'><strong><em>κιχείομαι</em></strong></span> <span class='ocrx_word' id='word_1_189' title='bbox 984 3005 1119 3067; x_wconf 89' lang='grc' dir='ltr'><strong><em>γραφει</em></strong></span> <span class='ocrx_word' id='word_1_190' title='bbox 1141 2985 1183 3050; x_wconf 92' lang='lat' dir='ltr'>A.</span> 
     </span>
    </p>

    <p class='ocr_par' dir='ltr' id='par_1_10' title="bbox 114 3076 1289 3379">
     <span class='ocr_line' id='line_1_27' title="bbox 202 3076 1229 3208; baseline 0.008 -63"><span class='ocrx_word' id='word_1_191' title='bbox 202 3085 275 3148; x_wconf 88' lang='grc'><strong><em>266.</em></strong></span> <span class='ocrx_word' id='word_1_192' title='bbox 299 3076 407 3161; x_wconf 79' lang='grc' dir='ltr'><strong><em>οὕτως</em></strong></span> <span class='ocrx_word' id='word_1_193' title='bbox 417 3084 463 3147; x_wconf 91' lang='grc' dir='ltr'><strong><em>αί</em></strong></span> <span class='ocrx_word' id='word_1_194' title='bbox 476 3077 691 3167; x_wconf 86' lang='grc' dir='ltr'><strong><em>Ἀριστάρχου</em></strong></span> <span class='ocrx_word' id='word_1_195' title='bbox 713 3085 892 3204; x_wconf 79' lang='grc' dir='ltr'><strong><em>ἔκφυγε·</em></strong></span> <span class='ocrx_word' id='word_1_196' title='bbox 923 3083 978 3151; x_wconf 83' lang='grc' dir='ltr'><strong><em>καί</em></strong></span> <span class='ocrx_word' id='word_1_197' title='bbox 995 3081 1123 3152; x_wconf 78' lang='grc' dir='ltr'><strong><em>ἔστιν</em></strong></span> <span class='ocrx_word' id='word_1_198' title='bbox 1105 3112 1126 3172; x_wconf 91' lang='lat'><em>9</em></span> <span class='ocrx_word' id='word_1_199' title='bbox 1146 3090 1229 3208; x_wconf 83' lang='grc' dir='ltr'><strong><em>χρή-</em></strong></span> 
     </span>
     <span class='ocr_line' id='line_1_28' title="bbox 114 3178 1289 3273; baseline 0.004 -23"><span class='ocrx_word' id='word_1_200' title='bbox 114 3201 170 3262; x_wconf 88' lang='grc' dir='ltr'><strong><em>σις</em></strong></span> <span class='ocrx_word' id='word_1_201' title='bbox 183 3178 344 3270; x_wconf 85' lang='grc' dir='ltr'><strong><em>Ομήρική</em></strong></span> <span class='ocrx_word' id='word_1_202' title='bbox 367 3187 426 3268; x_wconf 83' lang='grc' dir='ltr'><strong><em>τῆς</em></strong></span> <span class='ocrx_word' id='word_1_203' title='bbox 447 3185 582 3264; x_wconf 60' lang='lat' dir='ltr'><strong><em>aetenae·</em></strong></span> <span class='ocrx_word' id='word_1_204' title='bbox 605 3188 778 3270; x_wconf 83' lang='grc' dir='ltr'><strong><em>τερίστήσι</em></strong></span> <span class='ocrx_word' id='word_1_205' title='bbox 799 3181 863 3271; x_wconf 82' lang='grc' dir='ltr'><strong><em>γάρ</em></strong></span> <span class='ocrx_word' id='word_1_206' title='bbox 885 3186 991 3254; x_wconf 85' lang='grc' dir='ltr'><strong><em>ίυίοτε</em></strong></span> <span class='ocrx_word' id='word_1_207' title='bbox 1020 3185 1117 3273; x_wconf 88' lang='grc' dir='ltr'><strong><em>τάχος</em></strong></span> <span class='ocrx_word' id='word_1_208' title='bbox 1139 3189 1228 3273; x_wconf 83' lang='grc' dir='ltr'><strong><em>φύ-</em></strong></span> <span class='ocrx_word' id='word_1_209' title='bbox 1287 3245 1289 3248; x_wconf 95' lang='grc'><strong><em>.</em></strong></span> 
     </span>
     <span class='ocr_line' id='line_1_29' title="bbox 115 3281 1160 3379; baseline 0.006 -28"><span class='ocrx_word' id='word_1_210' title='bbox 115 3309 178 3371; x_wconf 84' lang='grc' dir='ltr'><strong><em>γευ</em></strong></span> <span class='ocrx_word' id='word_1_211' title='bbox 195 3281 293 3371; x_wconf 86' lang='grc' dir='ltr'><strong><em>ήυια’</em></strong></span> <span class='ocrx_word' id='word_1_212' title='bbox 317 3285 370 3374; x_wconf 89' lang='lat' dir='ltr'>(Il.</span> <span class='ocrx_word' id='word_1_213' title='bbox 396 3289 446 3370; x_wconf 81' lang='lat'><strong><em>23,</em></strong></span> <span class='ocrx_word' id='word_1_214' title='bbox 465 3287 542 3374; x_wconf 87' lang='grc'><strong><em>465)</em></strong></span> <span class='ocrx_word' id='word_1_215' title='bbox 566 3287 620 3352; x_wconf 85' lang='grc' dir='ltr'><strong><em>καλ</em></strong></span> <span class='ocrx_word' id='word_1_216' title='bbox 643 3286 792 3374; x_wconf 66' lang='grc' dir='ltr'><strong><em>*ἔκφυγε</em></strong></span> <span class='ocrx_word' id='word_1_217' title='bbox 813 3288 943 3375; x_wconf 83' lang='grc' dir='ltr'><strong><em>χειρός’</em></strong></span> <span class='ocrx_word' id='word_1_218' title='bbox 965 3295 1010 3379; x_wconf 78' lang='lat' dir='ltr'><strong><em>(E</em></strong></span> <span class='ocrx_word' id='word_1_219' title='bbox 1030 3292 1095 3379; x_wconf 89' lang='lat'>18).</span> <span class='ocrx_word' id='word_1_220' title='bbox 1118 3294 1160 3358; x_wconf 90' lang='lat' dir='ltr'><strong><em>A.</em></strong></span> 
     </span>
    </p>

    <p class='ocr_par' dir='ltr' id='par_1_11' title="bbox 39 3382 1225 3577">
     <span class='ocr_line' id='line_1_30' title="bbox 202 3382 1225 3478; baseline 0.01 -27"><span class='ocrx_word' id='word_1_221' title='bbox 202 3391 275 3454; x_wconf 87' lang='grc'><strong><em>278.</em></strong></span> <span class='ocrx_word' id='word_1_222' title='bbox 315 3382 424 3467; x_wconf 82' lang='grc' dir='ltr'><strong><em>οὕτως</em></strong></span> <span class='ocrx_word' id='word_1_223' title='bbox 455 3383 667 3474; x_wconf 85' lang='grc' dir='ltr'><strong><em>Ἀρίσταρχος</em></strong></span> <span class='ocrx_word' id='word_1_224' title='bbox 699 3387 849 3458; x_wconf 77' lang='grc' dir='ltr'><strong><em>διάτοῦ</em></strong></span> <span class='ocrx_word' id='word_1_225' title='bbox 879 3419 892 3460; x_wconf 90' lang='grc' dir='ltr'><strong><em>ι</em></strong></span> <span class='ocrx_word' id='word_1_226' title='bbox 924 3396 1225 3478; x_wconf 73' lang='grc' dir='ltr'><strong><em>πτολίπορθος.</em></strong></span> 
     </span>
     <span class='ocr_line' id='line_1_31' title="bbox 39 3484 831 3577; baseline 0.005 -21"><span class='ocrx_word' id='word_1_227' title='bbox 39 3502 43 3508; x_wconf 94' lang='grc'><strong>’</strong></span> <span class='ocrx_word' id='word_1_228' title='bbox 115 3485 213 3556; x_wconf 77' lang='grc' dir='ltr'><strong><em>ἄλλοι</em></strong></span> <span class='ocrx_word' id='word_1_229' title='bbox 236 3484 273 3555; x_wconf 73' lang='grc' dir='ltr'><strong><em>δὲ</em></strong></span> <span class='ocrx_word' id='word_1_230' title='bbox 295 3485 352 3556; x_wconf 79' lang='grc' dir='ltr'><strong><em>διὰ</em></strong></span> <span class='ocrx_word' id='word_1_231' title='bbox 373 3494 435 3556; x_wconf 79' lang='grc' dir='ltr'><strong><em>τοῦ</em></strong></span> <span class='ocrx_word' id='word_1_232' title='bbox 451 3514 478 3577; x_wconf 86' lang='grc' dir='ltr'><strong><em>ε,</em></strong></span> <span class='ocrx_word' id='word_1_233' title='bbox 501 3486 564 3557; x_wconf 79' lang='grc' dir='ltr'><strong><em>οὐκ</em></strong></span> <span class='ocrx_word' id='word_1_234' title='bbox 585 3486 709 3574; x_wconf 78' lang='grc' dir='ltr'><strong><em>ὀρθῶς.</em></strong></span> <span class='ocrx_word' id='word_1_235' title='bbox 729 3495 773 3560; x_wconf 86' lang='grc' dir='ltr'><strong><em>Α.</em></strong></span> <span class='ocrx_word' id='word_1_236' title='bbox 827 3533 831 3544; x_wconf 63' lang='lat'><em>„</em></span> 
     </span>
    </p>

    <p class='ocr_par' dir='ltr' id='par_1_12' title="bbox 116 3587 1228 3781">
     <span class='ocr_line' id='line_1_32' title="bbox 201 3587 1228 3683; baseline 0.008 -27"><span class='ocrx_word' id='word_1_237' title='bbox 201 3592 247 3658; x_wconf 90' lang='lat' dir='ltr'>ib.</span> <span class='ocrx_word' id='word_1_238' title='bbox 274 3587 352 3660; x_wconf 83' lang='grc' dir='ltr'><strong><em>αἰνὰ</em></strong></span> <span class='ocrx_word' id='word_1_239' title='bbox 380 3589 413 3658; x_wconf 87' lang='grc' dir='ltr'><strong><em>δ’</em></strong></span> <span class='ocrx_word' id='word_1_240' title='bbox 444 3588 479 3660; x_wconf 90' lang='lat'><strong><em>6·</em></strong></span> <span class='ocrx_word' id='word_1_241' title='bbox 508 3587 616 3674; x_wconf 78' lang='grc' dir='ltr'><strong><em>οὕτως</em></strong></span> <span class='ocrx_word' id='word_1_242' title='bbox 634 3590 855 3683; x_wconf 86' lang='grc' dir='ltr'><strong><em>Ἀρίσταρχος,</em></strong></span> <span class='ocrx_word' id='word_1_243' title='bbox 879 3592 968 3675; x_wconf 74' lang='grc' dir='ltr'><strong><em>τινὲς</em></strong></span> <span class='ocrx_word' id='word_1_244' title='bbox 988 3595 1025 3662; x_wconf 80' lang='grc' dir='ltr'><strong><em>δὲ</em></strong></span> <span class='ocrx_word' id='word_1_245' title='bbox 1046 3595 1146 3681; x_wconf 80' lang='grc' dir='ltr'><strong><em>χωρίς</em></strong></span> <span class='ocrx_word' id='word_1_246' title='bbox 1166 3603 1228 3665; x_wconf 78' lang='grc' dir='ltr'><strong><em>τοῦ</em></strong></span> 
     </span>
     <span class='ocr_line' id='line_1_33' title="bbox 116 3692 457 3781; baseline 0.006 -21"><span class='ocrx_word' id='word_1_247' title='bbox 116 3692 254 3781; x_wconf 80' lang='grc' dir='ltr'><strong><em>ἄρθρου</em></strong></span> <span class='ocrx_word' id='word_1_248' title='bbox 274 3698 400 3774; x_wconf 75' lang='grc' dir='ltr'><strong><em>κακῶς.</em></strong></span> <span class='ocrx_word' id='word_1_249' title='bbox 415 3699 457 3762; x_wconf 92' lang='lat' dir='ltr'><strong><em>A.</em></strong></span> 
     </span>
    </p>

    <p class='ocr_par' dir='ltr' id='par_1_13' title="bbox 117 3788 1226 3963">
     <span class='ocr_line' id='line_1_34' title="bbox 159 3788 1226 3885; baseline 0.003 -22"><span class='ocrx_word' id='word_1_250' title='bbox 159 3855 162 3863; x_wconf 66' lang='lat'>.</span> <span class='ocrx_word' id='word_1_251' title='bbox 204 3797 277 3859; x_wconf 90' lang='grc'><strong><em>366.</em></strong></span> <span class='ocrx_word' id='word_1_252' title='bbox 321 3791 377 3859; x_wconf 79' lang='grc' dir='ltr'><strong><em>καὶ</em></strong></span> <span class='ocrx_word' id='word_1_253' title='bbox 414 3790 451 3860; x_wconf 84' lang='grc' dir='ltr'><strong><em>τὰ</em></strong></span> <span class='ocrx_word' id='word_1_254' title='bbox 483 3788 504 3880; x_wconf 91' lang='lat'><strong><em>6</em></strong></span> <span class='ocrx_word' id='word_1_255' title='bbox 537 3794 653 3862; x_wconf 80' lang='grc' dir='ltr'><strong><em>ἐτέον</em></strong></span> <span class='ocrx_word' id='word_1_256' title='bbox 691 3792 747 3863; x_wconf 82' lang='grc' dir='ltr'><strong><em>διὰ</em></strong></span> <span class='ocrx_word' id='word_1_257' title='bbox 777 3801 840 3864; x_wconf 77' lang='grc' dir='ltr'><strong><em>τοῦ</em></strong></span> <span class='ocrx_word' id='word_1_258' title='bbox 870 3822 891 3883; x_wconf 91' lang='lat'><em>9</em></span> <span class='ocrx_word' id='word_1_259' title='bbox 920 3793 1140 3885; x_wconf 87' lang='grc' dir='ltr'><strong><em>Ἀρίσταρχος.</em></strong></span> <span class='ocrx_word' id='word_1_260' title='bbox 1184 3803 1226 3866; x_wconf 91' lang='lat' dir='ltr'><strong><em>A.</em></strong></span> 
     </span>
     <span class='ocr_line' id='line_1_35' title="bbox 117 3896 600 3963; baseline 0.002 -1"><span class='ocrx_word' id='word_1_261' title='bbox 117 3897 162 3962; x_wconf 94' lang='lat' dir='ltr'>H.</span> <span class='ocrx_word' id='word_1_262' title='bbox 188 3918 217 3961; x_wconf 83' lang='lat' dir='ltr'>e.</span> <span class='ocrx_word' id='word_1_263' title='bbox 241 3897 335 3961; x_wconf 76' lang='lat' dir='ltr'><strong>varia</strong></span> <span class='ocrx_word' id='word_1_264' title='bbox 356 3896 454 3962; x_wconf 77' lang='lat' dir='ltr'>lectio</span> <span class='ocrx_word' id='word_1_265' title='bbox 476 3896 539 3962; x_wconf 85' lang='lat' dir='ltr'><strong>fuit</strong></span> <span class='ocrx_word' id='word_1_266' title='bbox 561 3898 600 3963; x_wconf 87' lang='grc' dir='ltr'><strong><em>εί.</em></strong></span> 
     </span>
    </p>

    <p class='ocr_par' dir='ltr' id='par_1_14' title="bbox 203 3991 1223 4091">
     <span class='ocr_line' id='line_1_36' title="bbox 203 3991 1223 4091; baseline 0.008 -30"><span class='ocrx_word' id='word_1_267' title='bbox 203 3999 276 4062; x_wconf 87' lang='grc'><strong><em>336.</em></strong></span> <span class='ocrx_word' id='word_1_268' title='bbox 321 3993 461 4075; x_wconf 72' lang='grc' dir='ltr'><strong><em>κεῖνός</em></strong></span> <span class='ocrx_word' id='word_1_269' title='bbox 478 3992 529 4064; x_wconf 83' lang='grc' dir='ltr'><strong><em>,θ’</em></strong></span> <span class='ocrx_word' id='word_1_270' title='bbox 553 3991 581 4063; x_wconf 81' lang='lat'><strong><em>6</em></strong></span> <span class='ocrx_word' id='word_1_271' title='bbox 588 4024 620 4077; x_wconf 91' lang='lat'><strong><em>9·</em></strong></span> <span class='ocrx_word' id='word_1_272' title='bbox 646 3995 766 4089; x_wconf 78' lang='grc' dir='ltr'><strong><em>[οὕτως</em></strong></span> <span class='ocrx_word' id='word_1_273' title='bbox 782 3995 989 4091; x_wconf 84' lang='grc' dir='ltr'><strong><em>Ἡρφδιαυός</em></strong></span> <span class='ocrx_word' id='word_1_274' title='bbox 1010 3997 1067 4068; x_wconf 81' lang='grc' dir='ltr'><strong><em>διὰ</em></strong></span> <span class='ocrx_word' id='word_1_275' title='bbox 1087 4005 1150 4067; x_wconf 82' lang='grc' dir='ltr'><strong><em>τοῦ</em></strong></span> <span class='ocrx_word' id='word_1_276' title='bbox 1173 4005 1223 4091; x_wconf 63' lang='lat' dir='ltr'><strong><em>A]</em></strong></span> 
     </span>
    </p>

    <p class='ocr_par' dir='ltr' id='par_1_15' title="bbox 37 4091 1225 4394">
     <span class='ocr_line' id='line_1_37' title="bbox 117 4091 851 4186; baseline 0.007 -22"><span class='ocrx_word' id='word_1_277' title='bbox 117 4098 284 4186; x_wconf 84' lang='lat' dir='ltr'><strong>Didymus</strong></span> <span class='ocrx_word' id='word_1_278' title='bbox 303 4091 516 4183; x_wconf 88' lang='grc' dir='ltr'><strong><em>Ἀρίσταρχος</em></strong></span> <span class='ocrx_word' id='word_1_279' title='bbox 537 4095 575 4165; x_wconf 72' lang='grc' dir='ltr'><strong><em>δὲ</em></strong></span> <span class='ocrx_word' id='word_1_280' title='bbox 599 4095 656 4166; x_wconf 84' lang='grc' dir='ltr'><strong><em>διά</em></strong></span> <span class='ocrx_word' id='word_1_281' title='bbox 675 4105 737 4168; x_wconf 79' lang='grc' dir='ltr'><strong><em>τοῦ</em></strong></span> <span class='ocrx_word' id='word_1_282' title='bbox 757 4125 785 4168; x_wconf 91' lang='grc' dir='ltr'><strong><em>τ.</em></strong></span> <span class='ocrx_word' id='word_1_283' title='bbox 808 4105 851 4169; x_wconf 90' lang='lat' dir='ltr'><strong><em>A.</em></strong></span> 
     </span>
     <span class='ocr_line' id='line_1_38' title="bbox 37 4193 1224 4290; baseline 0.006 -29"><span class='ocrx_word' id='word_1_284' title='bbox 37 4193 51 4215; x_wconf 83' lang='lat'><em>⁰</em></span> <span class='ocrx_word' id='word_1_285' title='bbox 202 4201 275 4267; x_wconf 87' lang='grc'><strong><em>347.</em></strong></span> <span class='ocrx_word' id='word_1_286' title='bbox 320 4196 572 4284; x_wconf 61' lang='grc' dir='ltr'><strong><em>βουλεύωδ·</em></strong></span> <span class='ocrx_word' id='word_1_287' title='bbox 605 4198 658 4268; x_wconf 79' lang='grc' dir='ltr'><strong><em>ὅτι</em></strong></span> <span class='ocrx_word' id='word_1_288' title='bbox 682 4198 1224 4290; x_wconf 82' lang='grc' dir='ltr'><strong><em>βουλεύωσι(υ)-αίἈριστάρ-</em></strong></span> 
     </span>
     <span class='ocr_line' id='line_1_39' title="bbox 116 4299 1225 4394; baseline 0.007 -28"><span class='ocrx_word' id='word_1_289' title='bbox 116 4322 189 4383; x_wconf 89' lang='grc' dir='ltr'><strong><em>χου.</em></strong></span> <span class='ocrx_word' id='word_1_290' title='bbox 223 4303 275 4368; x_wconf 84' lang='grc' dir='ltr'><strong><em>Ἀ.</em></strong></span> <span class='ocrx_word' id='word_1_291' title='bbox 319 4301 466 4370; x_wconf 72' lang='lat' dir='ltr'><strong>offendit</strong></span> <span class='ocrx_word' id='word_1_292' title='bbox 484 4303 516 4369; x_wconf 93' lang='lat' dir='ltr'>h.</span> <span class='ocrx_word' id='word_1_293' title='bbox 540 4325 669 4394; x_wconf 85' lang='lat' dir='ltr'>quoque</span> <span class='ocrx_word' id='word_1_294' title='bbox 689 4304 724 4390; x_wconf 88' lang='lat' dir='ltr'>l.,</span> <span class='ocrx_word' id='word_1_295' title='bbox 745 4315 782 4372; x_wconf 81' lang='lat' dir='ltr'><strong><em>ut</em></strong></span> <span class='ocrx_word' id='word_1_296' title='bbox 801 4313 833 4371; x_wconf 91' lang='lat' dir='ltr'>A</span> <span class='ocrx_word' id='word_1_297' title='bbox 853 4307 926 4390; x_wconf 86' lang='grc'><strong><em>262,</em></strong></span> <span class='ocrx_word' id='word_1_298' title='bbox 947 4304 1066 4374; x_wconf 76' lang='lat' dir='ltr'>vocula</span> <span class='ocrx_word' id='word_1_299' title='bbox 1087 4299 1152 4391; x_wconf 85' lang='grc' dir='ltr'><strong><em>ὅτι,</em></strong></span> <span class='ocrx_word' id='word_1_300' title='bbox 1175 4327 1225 4374; x_wconf 84' lang='lat' dir='ltr'><strong><em>so·</em></strong></span> 
     </span>
    </p>
   </div>
   <div class='ocr_carea' id='block_1_3' title="bbox 0 0 1382 4890">
    <p class='ocr_par' dir='ltr' id='par_1_16' title="bbox 0 0 1382 4890">
     <span class='ocr_line' id='line_1_40' title="bbox 0 0 1382 4890; baseline 0 0"><span class='ocrx_word' id='word_1_301' title='bbox 0 0 1382 4890; x_wconf 95' lang='lat' dir='ltr'><strong><em> </em></strong></span> 
     </span>
    </p>
   </div>
  </div>
 </body>
</html>
