2858 4882
228 368 290 431 370

227 529 287 611 λὰς
308 525 569 616 συμποσιακάῴ)
597 525 865 592 Melesermus
887 525 1165 592 Atheniensis
1198 526 1351 614 sophista

227 643 310 703 teste
332 633 435 700 Suida
456 631 521 696 vol.
542 630 578 693 II
602 634 616 692 1
638 652 670 715 p.
693 632 755 694 763
777 628 899 694 Bernh.
918 628 1043 694 Eudoc.
1064 651 1097 714 p.
1111 630 1187 711 301,
1212 645 1350 712 συμπο-

228 728 343 811 τικοὺς
377 730 504 817 νόμους
538 729 788 796 Aristotelis
823 729 1050 816 Speusippi
1085 729 1349 795 Xenocratis

228 837 323 901 affert
340 833 613 922 Athen.Ip.3F
634 833 664 896 V
683 856 715 919 p.
738 833 798 895 186
810 831 847 914 B,
868 830 1142 896 Gnathaenae
1156 831 1286 896 Athen.
1299 831 1349 895 XI

227 963 260 1026 p.
272 941 334 1002 485
348 937 387 1000 Β.
407 937 460 1000 De
478 935 668 1020 anagnostis
689 933 731 998 ad
751 953 897 996 mensam
908 932 951 997 ad
962 933 1091 996 erudita
1101 939 1260 998 veterum
1277 955 1350 997 con-

229 1041 320 1104 vivia
341 1036 514 1119 adhibitis,
544 1033 738 1101 lectionibus
761 1031 1003 1116 convivalibus,
1032 1033 1171 1120 gryphis
1195 1041 1231 1098 et
1254 1056 1349 1120 quae-

229 1139 390 1206 stionibus
416 1129 554 1224 proponi
582 1136 668 1200 inter
696 1133 815 1220 pocula
841 1142 873 1199 et
900 1133 1197 1201 consultationibus
1227 1137 1350 1224 suscipi

231 1242 335 1307 solitis
357 1241 425 1325 egit
447 1238 489 1304 G.
507 1235 705 1302 Stuckius
725 1237 760 1300 in
780 1236 1061 1323 praestantissimo
1084 1257 1185 1321 opere
1208 1238 1350 1323 antiqui-

229 1352 332 1408 tatum
354 1338 574 1406 convivalium
596 1337 647 1401 ed.
666 1336 781 1422 Tigur.
805 1337 887 1399 1582
908 1335 967 1400 LB
991 1339 1071 1400 1695
1092 1335 1148 1400 ΠΙ
1169 1340 1224 1420 17,
1245 1340 1349 1402 18.19

229 1446 435 1531 Ianusque
455 1439 684 1506 Cornarius
705 1438 746 1501 de
766 1436 993 1501 convivalibus
1013 1446 1093 1502 vett.
1119 1436 1264 1502 Graece.
1284 1460 1350 1502 mo·

229 1544 320 1610 ribus
342 1566 381 1608 ac
401 1540 605 1607 sermonibus
625 1539 677 1604 ed.
690 1540 767 1603 Bas.
784 1540 874 1604 1548.
889 1541 930 1620 8.,
952 1541 1000 1602 uti
1021 1538 1173 1625 perhibet
1187 1543 1217 1608 I.
1232 1545 1276 1609 A.
1290 1545 1351 1608 Fa-

229 1645 355 1710 bricius
373 1643 455 1708 bibl.
478 1642 581 1728 antiq.
602 1663 634 1727 p.
658 1643 720 1704 564
744 1647 776 1704 et
797 1663 829 1727 p.
851 1643 923 1704 572.
969 1641 1113 1726 Egregie
1136 1644 1230 1708 idem
1253 1669 1350 1731 argu·

232 1754 375 1809 mentum
397 1745 576 1809 novissime
594 1750 783 1829 persecutus
813 1751 864 1806 est
889 1743 932 1806 K.
956 1741 1072 1807 Lehrs.
1096 1744 1138 1808 de
1160 1745 1353 1814 Aristarchi

233 1846 350 1911 studiis
370 1867 401 1931 p.
425 1846 603 1926 tls-219,
627 1845 683 1929 qui
705 1845 850 1908 omnium
871 1844 974 1908 instar
995 1854 1055 1909 est.

316 1946 427 2012 Unum
454 1944 584 2012 eddam.
612 1945 759 2028 Mireris,
793 1944 880 2032 quod
908 1947 993 2010 inter
1013 1947 1191 2033 scriptores
1213 1968 1352 2036 συμπο-

136 2077 140 2084 ·
233 2054 316 2118 σίων
337 2071 357 2114 a
377 2045 552 2112 Plutarcho
572 2055 839 2111 commemoratos
861 2066 927 2110 non
953 2059 1119 2133 comparet
1139 2050 1349 2140 Didymus

232 2162 344 2218 noster
365 2146 541 2214 Plutarcho
562 2146 650 2210 haud
676 2146 776 2211 dubie
801 2145 886 2212 bene
906 2156 1013 2212 notus.
1058 2152 1103 2215 At
1131 2175 1215 2218 vero
1242 2149 1289 2220 οὔ
1311 2179 1352 2240 με

232 2252 360 2339 λήθεις,
379 2248 569 2329 Plutarcho,
591 2248 711 2334 quippe
730 2250 786 2334 qui
808 2247 909 2334 probe
931 2252 1077 2315 noverim
1098 2275 1226 2319 morem
1249 2258 1351 2322 istum

232 2353 517 2441 grammaticorum
554 2349 714 2436 sequioris
754 2349 871 2414 aetatis
907 2348 1069 2416 abiectum
1100 2364 1351 2425 antecessorum

233 2454 388 2524 abutendi
408 2451 599 2534 laboribus,
627 2450 787 2541 reticendi
808 2452 951 2518 nomina.
996 2453 1108 2520 Solent
1129 2457 1290 2526 nimirum
1309 2483 1351 2526 ex

233 2579 359 2637 eorum,
379 2575 460 2640 quos
481 2552 625 2634 laudant,
645 2553 776 2638 scriptis
799 2551 868 2616 fere
889 2553 972 2618 nihil
996 2556 1182 2643 decerpere,
1206 2559 1350 2646 plurima
1407 2633 1412 2648 ,

233 2658 406 2745 sublegere
427 2655 478 2737 iis,
501 2676 582 2741 quos
605 2655 700 2740 quasi
715 2675 774 2739 per
795 2663 1005 2720 transennam
1027 2667 1278 2742 praetereuntes
1298 2664 1350 2729 vel

231 2783 296 2827 uno
317 2758 390 2822 loco
411 2763 615 2820 antestantur
633 2756 687 2820 vel
707 2756 893 2841 inspexisse
912 2779 946 2822 se
970 2780 1105 2844 prorsus
1124 2759 1349 2848 dissimulant,

232 2863 275 2928 11.
295 2863 336 2926 fr.
355 2865 382 2925 1.
404 2862 433 2922 2.
455 2857 574 2922 —Sic
595 2856 698 2922 verba
719 2858 838 2943 posuit,
861 2881 980 2924 nomen
999 2861 1132 2924 reticuit
1151 2861 1350 2930 Aristoxeni

233 2963 318 3027 Plut.
341 2961 452 3046 Symp.
472 2958 489 3021 Ι
512 2980 540 3021 1.
565 2960 584 3022 6
611 2981 644 3044 p.
662 2958 781 3040 62311,
808 2959 975 3026 indicante
998 2959 1039 3024 G.
1061 2960 1198 3028 Mahnio
1219 2989 1253 3051 p.
1279 2972 1347 3032 115.

777 3148 803 3208 l.

319 3257 431 3346 Steph.
451 3257 534 3342 Bya.
557 3263 635 3340 314,
655 3262 719 3323 6M
747 3258 764 3324 ὁ
788 3267 921 3346 roricus·
950 3269 1081 3350 Θίβιος,
1115 3260 1161 3342 ὡς
1191 3262 1258 3332 ἀπὸ
1292 3275 1348 3354 τῆς

233 3369 337 3449 Θίβης
359 3356 504 3432 εὐθείας.
527 3359 594 3421 ἔστι
616 3359 652 3422 δὲ
676 3363 778 3439 ἔθνος
800 3363 1027 3448 βασκαντικὸν
1044 3368 1098 3432 καὶ
1115 3370 1347 3455 φθοροποιόν,

233 3461 278 3544 ὡς
309 3463 504 3544 Δίδυμος
543 3458 587 3524 ἐν
621 3464 642 3543 β
675 3471 991 3546 συμποσιακῶν.
1034 3477 1204 3534 ‘suvavos
1235 3471 1276 3535 δὲ
1305 3471 1345 3538 'ud

232 3570 365 3650 πνεῦμα
386 3557 510 3644 αὐτῶν,
534 3551 583 3638 οἷς
605 3553 649 3625 dv
667 3564 839 3654 πλησιάζῃ,
861 3569 916 3634 καὶ
937 3567 977 3634 τὰ
999 3567 1136 3655 σώματα
1159 3566 1280 3636 αὐτῶν
1303 3577 1347 3650 εἰς

232 3666 408 3736 θάλασσαν
434 3664 575 3748 ῥιφέντα
602 3659 644 3729 οὐ
668 3665 925 3735 aurasicorum)
967 3672 1019 3737 De
1048 3675 1119 3759 ipso
1150 3673 1345 3740 Thibiorum

231 3791 351 3854 genere
380 3764 530 3830 11.Ρ111.
557 3786 661 3852 symp.
683 3768 714 3832 V
739 3773 752 3830 1
782 3793 813 3856 p.
839 3774 915 3854 224,
947 3773 1035 3837 unde
1058 3773 1154 3838 simul
1176 3785 1346 3841 auctorem

231 3870 328 3934 huius
360 3865 491 3931 fabulae
520 3865 793 3952 deprehendimus
816 3871 1092 3960 Phylarchum
1125 3876 1344 3962 (Brueokner.

233 3970 274 4033 de
288 3967 385 4055 Phyl.
400 3967 440 4031 sr.
460 3991 492 4055 p.
506 3971 562 4058 45)
581 3975 772 4059 scriptorem
792 3972 976 4038 fabulosum
999 3984 1096 4062 atque
1118 3977 1160 4042 ob
1179 3978 1215 4042 id
1237 3983 1346 4066 ipsum

303 4209 329 4274 1)
348 4210 420 4272 Quid
432 4209 557 4261 differant
569 4212 640 4262 inter
655 4227 684 4262 sc
699 4203 860 4276 συμποτικά
872 4218 899 4263 et
911 4207 1093 4278 συμποσιακά
1109 4215 1189 4266 docet
1202 4218 1344 4270 Plutarch.

233 4297 351 4354 quaesti.
370 4295 399 4342 II
417 4296 502 4358 praef.
