2894 4890
577 391 766 430 -ε-
1167 382 1226 443 193

199 533 272 594 553.
306 524 352 614 ἠὲ
372 527 531 597 θανόν·
555 528 632 598 ἐν’
615 532 760 613 άπάσαις
780 531 944 620 ἠδικεῖτο.
967 542 1059 607 Harl.
1084 547 1146 609 τοῦ
1161 545 1226 629 γάρ

94 632 279 716 Πρωτέως
300 628 463 716 εἰπόντος,
488 627 568 730 (ότι)
589 632 652 700 δόο
669 635 767 720 μόνοι
782 632 958 708 άποίλοντο
972 645 1074 730 (496),
1087 649 1226 728 γελοίως

113 738 228 820 τρίτον
254 737 343 819 ζητεῖ
362 727 584 817 ἀπολόμενον
606 737 676 802 Pal.
699 739 795 819 Q.

194 841 266 903 599.
285 823 496 958 Ἀρίσταρχος
517 833 569 902 σύ
594 838 639 902 δέ
657 861 711 904 κε.
735 841 828 907 Harl.

136 940 266 1004 ·.618
292 934 358 1014 ἑὸς
380 933 517 1020 δόμος·
554 933 660 1005 αὐτοῦ
678 963 739 1007 του
727 942 927 1027 βασιλέως.
951 939 1060 1023 οὕτως
1084 943 1142 1012 δὲ’
1139 953 1223 1034 Αρί-

109 1057 249 1125 σταρχος
266 1033 375 1103 καὶ
337 1062 377 1103 τα
393 1031 629 1126 ὑπομνηματα,
651 1037 672 1106 6
691 1040 783 1120 τεός
806 1039 900 1132 (Ῥότε
913 1039 964 1132 ός)
989 1042 1127 1131 δόμος.
1150 1050 1220 1115 Pal.

192 1145 264 1206 705.
299 1141 457 1223 ἔσχετο·
492 1140 535 1204 αί
546 1136 763 1260 Ἀριστάρχου
787 1145 945 1229 ἔσκετο,
969 1141 1043 1211 ἀντὶ
1064 1152 1127 1212 τοῦ
1149 1149 1222 1234 ἐγέ-

109 1263 195 1306 νετο.
221 1247 346 1325 γελοῖοι
368 1237 432 1323 γάρ
456 1242 541 1306 είσιν
563 1243 597 1307 οί
614 1239 804 1328 γράφοντες
827 1248 975 1330 ἔσχετο.
999 1248 1042 1313 Η.
1063 1251 1100 1314 Ρ.
1124 1253 1165 1333 Q.

192 1345 264 1405 712.
298 1336 375 1408 οὐκ
401 1336 482 1406 οἶδ’
508 1348 626 1422 είτίς
646 1369 731 1429 μιν
773 1339 883 1429 ἥτίς
911 1371 984 1431 μιν
1009 1343 1221 1444 Ἀρίσταρχος

108 1441 164 1510 διὰ
185 1467 245 1510 του
266 1468 297 1527 η
316 1442 409 1507 Harl.
435 1444 528 1524 Quae
551 1456 730 1532 sequuntur
750 1446 922 1513 Nicanoris
945 1459 1029 1515 sunt.

193 1548 265 1609 727.
300 1538 594 1628 ἀνηρείψαντο
631 1542 832 1612 θύελλαι·
879 1542 1219 1637 ἡχαριεστίραταῐν
1315 1596 1317 1601 -

105 1640 323 1731 Ἀριστάρχου
345 1643 400 1733 καὶ
423 1639 519 1710 άλλαι
533 1642 726 1712 πολλαἫ
683 1670 800 1724 ουτως.
819 1649 926 1714 Pers.

193 1746 265 1808 785.
300 1744 342 1808 ἐν
371 1748 509 1833 νοτίφ·
548 1738 792 1830 Ἀριστοφάνης
823 1749 989 1838 είνοδίφ
1022 1751 1106 1837 (Pal.
1130 1761 1218 1817 reete

107 1844 322 1931 ἑννοδίφ),
357 1839 402 1921 ὡς
420 1839 463 1909 άν
487 1848 643 1921 arcelaca
666 1843 703 1908 ἐν
725 1839 844 1932 6693,p
827 1848 896 1909 ετοί
894 1870 961 1930 μην
983 1850 1029 1926 είς
1051 1846 1088 1913 τό
1109 1857 1215 1917 πλεῖν.

105 1947 176 2028 Pal.
200 1946 239 2009 Β.
259 1945 299 2010 E.
321 1945 361 2027 Q.
382 1945 476 2011 Harl.
507 1945 559 2010 Of.
582 1944 648 2009 Bu
635 1953 705 2009 tm
729 1945 830 2012 schol.
850 1946 943 2012 Harl.
968 1953 1057 2014 9955
1089 1952 1217 2016 Nauck.

106 2049 164 2112 Ar.
181 2047 270 2134 ¹‚Byz
292 2069 325 2134 p.
348 2052 400 2112 45.

189 2153 262 2214 788.
283 2143 382 2214 κεῖτ’
408 2142 470 2234 ἄρ’
493 2143 651 2226 άσιτος·
670 2141 918 2224 Ῥιανδςκεῑτ’
936 2144 984 2235 άρ
988 2145 1214 2237 ’άναυδος,

105 2250 161 2317 καὶ
182 2253 274 2318 ἔστιν
296 2248 381 2335 αὕτη
401 2251 596 2337 χαριεστέρα
618 2245 783 2335 ἡχραφή.
805 2250 898 2314 Harl.
917 2252 988 2316 Pal.
1064 2307 1065 2312 ,

646 2443 671 2485 δ.

190 2559 241 2621 34.
271 2554 371 2641 χωρὶς
393 2557 456 2619 τοῦ
479 2551 529 2619 κί
548 2554 585 2618 αί
603 2548 804 2637 κοινότεραι.
823 2554 917 2618 Harl.
944 2548 1045 2640 ἤματι
1068 2557 1216 2646 εἰκοστῷ.

190 2661 242 2722 43.
264 2659 320 2722 Ad
335 2658 559 2722 Aristonicum
579 2657 696 2739 refero,
717 2664 754 2720 ut
777 2659 846 2720 124.
956 2713 957 2716 ,

190 2762 241 2825 80.
266 2755 340 2825 οὐδ’
366 2765 408 2824 εί
424 2782 504 2835 τις·
534 2752 746 2843 Ἀρίσταρχος
777 2750 875 2822 οὐδὲ
897 2751 997 2840 ἥτις.
1029 2759 1100 2822 Pal.
1122 2759 1215 2823 Harl.

187 2856 409 2947 Ἀρίσταρχος,
431 2862 558 2944 ναίει,
581 2853 766 2944 ὁριστικοδς.
790 2859 861 2924 Pal.
884 2858 978 2924 Harl.
1012 2860 1137 2925 ‘Erant
1158 2862 1218 2946 igi-

105 2973 173 3046 tur,
196 2966 251 3050 qui
273 2964 421 3049 legerent
442 2963 560 3026 ναίοι.’
584 2961 677 3028 Pers.

191 3066 242 3130 83.
274 3060 330 3130 διά
358 3067 420 3129 τοῦ
449 3087 464 3128 ε
492 3065 749 3149 στενάχῇσιν
778 3062 815 3126 αί
837 3055 1109 3146 Ἀριστοφάνους.
1145 3062 1215 3127 Pal.

106 3166 199 3231 Harl.

193 3270 263 3340 127.
283 3263 638 3354 τριπόλῳ-τινὲς
660 3265 697 3331 δὲ
719 3264 902 3353 γράφουσι,
924 3269 1023 3354 νειῷ
1042 3266 1107 3331 ἐνὶ
1128 3292 1218 3350 τρι-

106 3366 239 3459 πόλῳ,
268 3364 333 3457 οὐκ
356 3361 406 3434 εὖ.
428 3371 466 3434 Ρ.
490 3369 534 3434 Η.
556 3369 597 3451 Q.
621 3369 746 3434 Addidi
765 3378 900 3457 propter
921 3389 1091 3434 censuram
1111 3369 1218 3456 Didy-

105 3481 210 3534 meam
232 3465 296 3536 οὐκ
318 3460 368 3536 εὖ.

189 3574 259 3637 132.
290 3573 432 3651 ἔλσας·
463 3568 653 3655 Ζηνόδοτος
679 3569 830 3648 ἐλάσας
858 3568 998 3655 γράφει,
1033 3571 1068 3635 ol
1089 3569 1128 3636 dl
1150 3572 1219 3636 ἔλ-

106 3689 190 3750 σας.
215 3671 478 3758 ποιητικώτερον
500 3668 564 3757 χάρ
587 3673 642 3760 (Q.
666 3673 752 3758 μέν).
792 3673 889 3748 ἔλσας
909 3670 972 3756 μὲν
995 3672 1051 3759 (Q.
1075 3667 1154 3756 γὰρ)
1179 3669 1217 3737 τδ

105 3775 311 3860 συστρέψας,
342 3774 462 3854 ἐλάσας
483 3773 520 3841 δὲ
540 3772 577 3840 τὸ
601 3774 638 3840 ἐκ
655 3772 766 3858 χειρὸς
788 3770 922 3856 πλήξας.
968 3773 1009 3854 Q.
1032 3773 1103 3838 Pal.
1122 3772 1216 3836 Harl.

106 3877 158 3942 cf.
171 3878 353 3944 Duentaer.
371 3880 425 3944 l.l.
439 3905 471 3967 p.
487 3881 557 3942 133.
580 3878 620 3941 In
638 3877 709 3941 Pal.
724 3899 798 3941 cum
816 3877 859 3940 sit
873 3870 894 3958 η
906 3873 943 3939 δὲ
955 3875 1058 3957 ίλέας,
1076 3875 1110 3936 in
1122 3872 1216 3936 Harl.

105 3973 182 4062 ἠδὲ
198 3981 286 4063 ἔλας,
305 3988 393 4046 recte
416 3982 581 4045 Personus
597 3980 780 4067 suspicatus
803 3987 869 4042 est:
892 3971 913 4061 ἡ
936 3975 973 4041 δὲ
996 4021 1092 4038 .....
1110 3975 1217 4058 ἔλσας,

106 4080 264 4144 fortasse:
297 4075 318 4163 ἡ
343 4079 380 4145 δὲ
398 4075 661 4166 Ἀριστοφάνους
681 4083 808 4157 ἔλσας.
837 4079 977 4164 Reliqua
996 4078 1043 4140 sie
1064 4076 1217 4139 restituo:

107 4182 162 4246 καὶ
183 4182 258 4266 ἔστι
273 4178 544 4266 ποιητικώτερον.
580 4185 677 4260 ἔλσας
697 4179 760 4266 μὲν
780 4177 845 4265 γὰρ
867 4177 934 4244 κτὲ.
974 4178 1027 4242 Of.
1049 4175 1150 4242 schol.
1173 4176 1217 4240 H.

106 4280 145 4344 P.
167 4282 210 4345 ad
230 4306 251 4365 η
274 4284 347 4348 250.

158 4407 319 4450 nrnruus·
973 4376 1011 4437 13
