2858 4882
212 375 275 438 392

215 541 345 626 singula
366 559 489 624 genera
509 537 726 602 inseruissent
745 536 851 621 poetis
871 535 1076 616 edissereret,
1097 533 1217 598 deinde
1236 556 1275 598 66
1297 536 1331 598 111

216 643 341 729 species
365 639 527 705 divideret
549 636 854 723 subdivideretque,
885 638 919 700 in
948 635 1151 721 singulorum
1174 623 1330 721 etymolo-

216 744 313 828 giam,
336 743 524 805 inventores
538 740 670 825 primos,
691 737 859 802 historiam
879 745 976 823 atque
993 737 1203 822 antiquitates
1225 737 1330 822 inqui-

216 850 318 925 reret,
349 842 491 928 denique
511 849 666 925 tanquam
689 839 858 904 ordinibus
882 840 951 902 sive
974 834 1094 900 κανόσι
1116 836 1230 919 factis,
1256 835 1329 899 reli·

216 945 289 1030 quis
315 943 421 1030 poetis
449 941 609 1006 minorum
634 941 780 1024 gentium
809 939 914 1005 obiter
931 939 1136 1021 memoratis,
1163 938 1329 1023 principes

218 1051 432 1125 enumeraret,
458 1063 643 1126 eorumque,
665 1049 820 1127 quantum
842 1041 914 1105 fieri
940 1049 1060 1126 posset,
1083 1035 1138 1103 καὶ
1158 1039 1256 1120 γένος
1277 1039 1331 1102 καὶ

219 1145 378 1227 πατρίδας
405 1147 462 1207 καί
487 1166 579 1220 τινας
611 1141 664 1207 ἐπὶ
691 1142 815 1226 μέρους
843 1139 995 1224 πράξεις,
1027 1148 1063 1204 111
1085 1139 1196 1202 Ρ16611
1218 1140 1330 1204 verbis

216 1254 290 1309 utar
311 1267 343 1332 p.
366 1247 427 1308 319
449 1246 540 1326 620,
559 1252 819 1329 persequeretur.
864 1244 951 1307 Hinc
978 1241 1101 1306 factum
1123 1248 1159 1304 ut
1182 1239 1223 1303 fr.
1246 1242 1266 1302 2
1288 1239 1330 1303 ad

217 1347 441 1432 quaestionem
467 1345 507 1409 de
530 1344 731 1429 Theognidis
760 1345 867 1429 patria
894 1343 1084 1407 solvendam
1106 1350 1197 1405 reete
1220 1341 1330 1425 dispu-

217 1446 310 1511 tandi
330 1448 386 1510 via
409 1444 530 1510 deferri
551 1452 672 1530 posset.

302 1546 402 1610 Haud
430 1546 554 1610 inutilis
582 1547 683 1631 igitur
703 1545 834 1610 videtur
856 1546 1002 1631 quaestio
1029 1566 1117 1627 esse,
1141 1541 1268 1606 nihilne
1290 1563 1332 1604 cx

217 1647 279 1716 hac
299 1649 371 1733 ipsa
391 1650 460 1711 eius
484 1649 591 1733 operis
612 1655 705 1733 parte
739 1653 878 1710 aetatem
908 1645 1033 1727 tulerit,
1062 1646 1098 1708 in
1125 1665 1193 1730 qua
1214 1643 1256 1706 de
1276 1663 1330 1729 pa

216 1748 279 1810 tria
300 1747 507 1829 melioorum,
530 1757 617 1829 ortu,
640 1745 840 1810 carminibus
862 1747 1024 1832 rebusque
1045 1746 1147 1831 gestis
1172 1766 1331 1829 exposue-

216 1848 269 1912 rit.
319 1847 359 1911 In
380 1870 444 1934 qua
465 1848 622 1913 solvenda
639 1869 698 1932 pro
720 1871 756 1912 re
777 1855 854 1911 nata
874 1870 953 1933 prae
975 1849 1092 1912 ceteris
1112 1847 1259 1940 animum
1275 1845 1330 1908 ad·

217 1956 351 2013 vertunt
376 1948 525 2014 Eudocia
558 1949 675 2013 Suidas
705 1949 792 2028 sive,
821 1950 877 2034 qui
899 1949 1029 2034 utrique
1051 1949 1233 2011 communis
1256 1947 1330 2012 fons

218 2049 289 2132 fuit,
311 2048 499 2135 Hesychius
521 2051 577 2115 1116
592 2050 734 2114 1111161116
756 2050 790 2112 111
813 2048 1050 2133 onomatologo,
1073 2071 1169 2135 quem
1194 2047 1329 2134 Sympo-

217 2151 306 2214 siaca
331 2152 429 2223 etiam
456 2152 645 2216 adhibuisse
674 2151 826 2214 vidimus.
871 2151 926 2213 Ex
952 2149 1003 2213 his
1025 2148 1243 2235 scriptoribus
1268 2147 1330 2213 col-

216 2251 317 2316 lectos
339 2256 434 2336 βίους
455 2256 606 2335 λυρικῶν
623 2251 786 2314 Antonius
801 2251 1071 2316 Westermannus
1092 2252 1235 2314 vitarum
1252 2252 1330 2314 scri-

215 2353 363 2438 ptoribus
380 2355 515 2418 Graecis
538 2351 717 2417 minoribus
736 2353 874 2416 inseruit
897 2352 968 2439 (lib.
985 2351 1020 2415 ΙΙ
1031 2374 1063 2437 p.
1076 2352 1250 2439 tte—116),
1275 2353 1329 2439 qui

215 2462 325 2516 tamen
347 2454 454 2539 capita
475 2453 516 2517 V.
538 2453 631 2517 XIV.
651 2452 787 2517 XXXV
806 2475 872 2518 non
893 2453 1033 2517 debebat
1047 2453 1229 2536 admittere,
1252 2476 1329 2541 quo-

215 2574 288 2616 rum
306 2555 416 2638 priora
439 2553 503 2618 duo
527 2577 544 2617 6
567 2552 668 2617 schol.
692 2554 794 2618 Arist.
817 2553 900 2617 Ach.
926 2558 1005 2618 1150
1027 2555 1106 2641 Lys.
1132 2557 1229 2637 1237,
1266 2566 1329 2619 ter·

215 2655 297 2718 tium
312 2677 353 2718 ex
367 2655 537 2720 Athenaeo
553 2655 635 2718 XIV
647 2680 677 2742 p.
693 2658 754 2718 616
767 2654 795 2717 F
811 2659 872 2719 617
884 2656 912 2718 Β
923 2659 957 2719 in
971 2655 1104 2720 Suidam
1115 2658 1328 2743 irrepserunt,

215 2755 258 2819 ab
280 2754 447 2842 Hesychio
476 2779 555 2821 vero
584 2756 671 2820 haud
700 2756 799 2820 dubie
828 2755 989 2821 afuerunt.
1034 2756 1222 2842 Ereliquis
1252 2759 1328 2821 vitis

214 2878 273 2942 pro
296 2865 479 2943 temporum
508 2859 632 2923 ratione
654 2858 819 2944 Didymus
848 2879 1001 2922 enarrare
1027 2879 1092 2922 11611
1114 2859 1220 2943 potuit
1243 2860 1329 2923 vites

214 2957 411 3021 Mesomedis
430 2958 670 3046 hymnographi
692 2969 723 3024 et
737 2961 897 3024 Marciani
919 2943 1157 3045 metaphrastae
1180 2959 1328 3045 (XVIII.

214 3054 328 3141 XXI),
352 3079 503 3123 enarrare
523 3061 642 3147 potuit,
665 3064 693 3125 61
714 3071 842 3146 tempus
866 3069 1009 3147 spectas,
1032 3060 1202 3124 Parthenii
1222 3083 1328 3145 gram·

214 3157 324 3220 matici
337 3157 486 3241 Nicaeni,
510 3161 635 3226 sedant
654 3185 718 3226 non
740 3163 879 3247 scripsit,
900 3170 1014 3248 utpote
1033 3162 1251 3246 grammatici,
1274 3173 1330 3226 6111

214 3264 369 3342 exparte
391 3258 552 3323 duntaxat
573 3284 656 3347 quae
675 3262 793 3327 Suidas
815 3272 847 3327 et
866 3262 1014 3327 Eudocia
1033 3284 1065 3349 p.
1087 3264 1148 3326 357
1169 3262 1328 3346 referunt,

213 3364 346 3444 propter
367 3357 539 3445 Hermippi
554 3360 691 3447 Berytii,
712 3365 768 3450 qui
787 3363 948 3428 Hadriani
966 3362 1112 3449 aequalis
1134 3364 1207 3446 fuit,
1231 3387 1329 3452 appo-

214 3458 310 3522 situm
338 3459 569 3525 testimonium.
614 3462 784 3550 Berytium
815 3466 900 3528 enim
927 3487 1032 3551 neque
1062 3487 1142 3528 vero
1174 3465 1328 3530 Callima·

213 3557 321 3622 chium
347 3560 542 3647 intellegunt
573 3586 645 3628 cum
673 3566 827 3630 Reinesio
849 3565 890 3628 A.
920 3566 1065 3630 Meinek.
1097 3565 1198 3630 anall.
1228 3567 1326 3632 Alex.

211 3683 242 3745 p.
263 3662 324 3723 255
347 3659 384 3725 O.
403 3661 552 3726 Mueller.
577 3663 653 3727 hist.
676 3665 735 3729 Gr.
758 3665 811 3728 ΙΙΙ
833 3671 873 3729 45
896 3677 963 3730 not.
1009 3667 1075 3731 Sed
1097 3689 1181 3753 quae
1202 3678 1329 3733 restant

212 3760 390 3846 lyricorum
411 3763 553 3826 vitarum
573 3768 796 3832 enarrationes
816 3769 863 3832 ita
883 3776 1088 3853 comparatae
1110 3778 1185 3832 sunt
1203 3791 1327 3851 omnes,

212 3870 248 3925 ut
268 3883 288 3923 a
305 3861 450 3948 Didymo
482 3866 622 3950 scriptae
640 3890 728 3950 esse,
753 3869 824 3932 sive
842 3869 870 3932 16
894 3868 1127 3934 Chalcenterus
1149 3869 1228 3952 fuit,
1257 3873 1327 3934 sive

211 3964 356 4026 musicus
384 3962 641 4050 Pythagoricus,
670 3971 824 4055 temporis
853 3973 981 4034 ratione
1008 3971 1121 4035 habita
1147 3975 1325 4056 potuerint.

211 4062 283 4126 Hoc
303 4083 418 4127 moneo
441 4064 589 4132 Philetae
612 4069 681 4134 Coo
706 4070 802 4135 malle
827 4094 879 4134 me
905 4072 1036 4157 quidem
1058 4073 1144 4136 inter
1164 4094 1327 4156 gramma·

209 4165 291 4227 ticos
314 4163 422 4229 locum
444 4169 639 4252 concedere,
670 4173 862 4257 praesertim
885 4195 958 4236 cum
981 4171 1102 4236 Suidae
1124 4171 1229 4236 verba
1245 4173 1327 4238 haec

119 4331 120 4336 ,
212 4266 291 4332 sint:
329 4265 556 4352 γραμματικός
590 4293 639 4348 τις
674 4270 858 4356 1161111619,-
875 4273 934 4338 sed
966 4296 1032 4340 non
1061 4275 1184 4340 audere
1215 4283 1326 4339 16111611
