<?xml version="1.0" encoding="UTF-8"?>
<!DOCTYPE html PUBLIC "-//W3C//DTD XHTML 1.0 Transitional//EN"
    "http://www.w3.org/TR/xhtml1/DTD/xhtml1-transitional.dtd">
<html xmlns="http://www.w3.org/1999/xhtml" xml:lang="en" lang="en">
 <head>
  <title>
</title>
<meta http-equiv="Content-Type" content="text/html;charset=utf-8" />
  <meta name='ocr-system' content='tesseract 3.04.00' />
  <meta name='ocr-capabilities' content='ocr_page ocr_carea ocr_par ocr_line ocrx_word'/>
</head>
<body>
  <div class='ocr_page' id='page_1' title='image "./didymichalcente01schmgoog_0170.png"; bbox 0 0 2752 4890; ppageno 0'>
   <div class='ocr_carea' id='block_1_1' title="bbox 525 343 1224 429">
    <p class='ocr_par' dir='ltr' id='par_1_1' title="bbox 525 343 1224 429">
     <span class='ocr_line' id='line_1_1' title="bbox 525 343 1224 429; baseline 0 -11"><span class='ocrx_word' id='word_1_1' title='bbox 525 355 722 429; x_wconf 68' lang='grc' dir='ltr'><strong><em>-Ξ-</em></strong></span> <span class='ocrx_word' id='word_1_2' title='bbox 1119 343 1224 418; x_wconf 62' lang='lat'><strong><em>151&#39;</em></strong></span> 
     </span>
    </p>
   </div>
   <div class='ocr_carea' id='block_1_2' title="bbox 48 515 1258 1933">
    <p class='ocr_par' dir='ltr' id='par_1_2' title="bbox 63 515 1178 712">
     <span class='ocr_line' id='line_1_2' title="bbox 148 515 1178 612; baseline -0.001 -23"><span class='ocrx_word' id='word_1_3' title='bbox 148 528 233 602; x_wconf 84' lang='grc'>[730.</span> <span class='ocrx_word' id='word_1_4' title='bbox 267 521 455 607; x_wconf 72' lang='grc' dir='ltr'><strong><em>Ζηνόδοτος</em></strong></span> <span class='ocrx_word' id='word_1_5' title='bbox 483 517 516 590; x_wconf 87' lang='grc' dir='ltr'><strong><em>δ’</em></strong></span> <span class='ocrx_word' id='word_1_6' title='bbox 548 517 565 587; x_wconf 86' lang='grc' dir='ltr'><strong><em>ὁ</em></strong></span> <span class='ocrx_word' id='word_1_7' title='bbox 594 517 783 607; x_wconf 71' lang='grc' dir='ltr'><strong><em>Μαλλώτης</em></strong></span> <span class='ocrx_word' id='word_1_8' title='bbox 812 515 1048 606; x_wconf 80' lang='grc' dir='ltr'><strong><em>προστίθησιν·</em></strong></span> <span class='ocrx_word' id='word_1_9' title='bbox 1088 520 1178 612; x_wconf 77' lang='grc' dir='ltr'><strong><em>όιλίφ</em></strong></span> 
     </span>
     <span class='ocr_line' id='line_1_3' title="bbox 63 619 890 712; baseline -0.001 -21"><span class='ocrx_word' id='word_1_10' title='bbox 63 625 99 691; x_wconf 93' lang='grc' dir='ltr'><strong><em>δ’</em></strong></span> <span class='ocrx_word' id='word_1_11' title='bbox 122 621 300 710; x_wconf 79' lang='grc' dir='ltr'><em>ὀρχηστύν,</em></span> <span class='ocrx_word' id='word_1_12' title='bbox 323 625 424 712; x_wconf 84' lang='grc' dir='ltr'><strong><em>έτέρφ</em></strong></span> <span class='ocrx_word' id='word_1_13' title='bbox 443 631 583 705; x_wconf 77' lang='grc' dir='ltr'><strong><em>κίδαριν</em></strong></span> <span class='ocrx_word' id='word_1_14' title='bbox 607 623 661 690; x_wconf 82' lang='grc' dir='ltr'><strong><em>καὶ</em></strong></span> <span class='ocrx_word' id='word_1_15' title='bbox 682 619 811 709; x_wconf 83' lang='grc' dir='ltr'><strong><em>άοιδήν.</em></strong></span> <span class='ocrx_word' id='word_1_16' title='bbox 835 625 890 702; x_wconf 89' lang='lat' dir='ltr'><strong>V.]</strong></span> 
     </span>
    </p>

    <p class='ocr_par' dir='ltr' id='par_1_3' title="bbox 144 720 1177 816">
     <span class='ocr_line' id='line_1_4' title="bbox 144 720 1177 816; baseline 0 -24"><span class='ocrx_word' id='word_1_17' title='bbox 144 731 227 806; x_wconf 83' lang='lat'><strong>[732.</strong></span> <span class='ocrx_word' id='word_1_18' title='bbox 244 735 362 794; x_wconf 74' lang='grc' dir='ltr'><strong><em>τιθεῖ</em></strong></span> <span class='ocrx_word' id='word_1_19' title='bbox 375 725 494 794; x_wconf 85' lang='grc' dir='ltr'><em>νόον·</em></span> <span class='ocrx_word' id='word_1_20' title='bbox 507 727 591 794; x_wconf 88' lang='grc' dir='ltr'><em>νόον</em></span> <span class='ocrx_word' id='word_1_21' title='bbox 603 732 730 812; x_wconf 76' lang='grc' dir='ltr'><strong><em>τίθει,</em></strong></span> <span class='ocrx_word' id='word_1_22' title='bbox 742 721 851 804; x_wconf 78' lang='grc' dir='ltr'><strong><em>οὕτως</em></strong></span> <span class='ocrx_word' id='word_1_23' title='bbox 860 720 1109 816; x_wconf 85' lang='grc' dir='ltr'><strong><em>Ἀριστοφάνης.</em></strong></span> <span class='ocrx_word' id='word_1_24' title='bbox 1122 727 1177 801; x_wconf 92' lang='lat' dir='ltr'><strong>V.]</strong></span> 
     </span>
    </p>

    <p class='ocr_par' dir='ltr' id='par_1_4' title="bbox 146 825 926 916">
     <span class='ocr_line' id='line_1_5' title="bbox 146 825 926 916; baseline -0.001 -21"><span class='ocrx_word' id='word_1_25' title='bbox 146 833 217 895; x_wconf 85' lang='lat'><strong>733.</strong></span> <span class='ocrx_word' id='word_1_26' title='bbox 241 834 409 897; x_wconf 81' lang='grc' dir='ltr'><strong><em>πολλοί·</em></strong></span> <span class='ocrx_word' id='word_1_27' title='bbox 431 825 674 916; x_wconf 75' lang='grc' dir='ltr'><em>Ἀριστοφάνης</em></span> <span class='ocrx_word' id='word_1_28' title='bbox 692 829 860 896; x_wconf 75' lang='grc' dir='ltr'><strong><em>πολλόν.</em></strong></span> <span class='ocrx_word' id='word_1_29' title='bbox 884 830 926 895; x_wconf 87' lang='lat' dir='ltr'><strong><em>A.</em></strong></span> 
     </span>
    </p>

    <p class='ocr_par' dir='ltr' id='par_1_5' title="bbox 64 924 1258 1120">
     <span class='ocr_line' id='line_1_6' title="bbox 147 924 1258 1022; baseline 0 -26"><span class='ocrx_word' id='word_1_30' title='bbox 147 935 220 997; x_wconf 89' lang='grc'>785.</span> <span class='ocrx_word' id='word_1_31' title='bbox 238 932 523 1022; x_wconf 74' lang='grc' dir='ltr'><strong><em>ἐμμεμαῶτες·</em></strong></span> <span class='ocrx_word' id='word_1_32' title='bbox 553 929 661 1012; x_wconf 81' lang='grc' dir='ltr'><strong><em>οὕτως</em></strong></span> <span class='ocrx_word' id='word_1_33' title='bbox 680 928 910 1018; x_wconf 89' lang='grc' dir='ltr'><strong><em>Ἀρίσταρχος,</em></strong></span> <span class='ocrx_word' id='word_1_34' title='bbox 932 924 1027 995; x_wconf 76' lang='grc' dir='ltr'><strong><em>ἄλλοι</em></strong></span> <span class='ocrx_word' id='word_1_35' title='bbox 1049 927 1084 996; x_wconf 73' lang='grc' dir='ltr'><strong><em>δὲ</em></strong></span> <span class='ocrx_word' id='word_1_36' title='bbox 1107 954 1178 1014; x_wconf 88' lang='grc' dir='ltr'><strong><em>με·</em></strong></span> <span class='ocrx_word' id='word_1_37' title='bbox 1251 982 1258 996; x_wconf 79' lang='lat'><strong>.</strong></span> 
     </span>
     <span class='ocr_line' id='line_1_7' title="bbox 64 1036 297 1120; baseline 0.009 -21"><span class='ocrx_word' id='word_1_38' title='bbox 64 1038 231 1120; x_wconf 74' lang='grc' dir='ltr'><strong><em>μαοίτες.</em></strong></span> <span class='ocrx_word' id='word_1_39' title='bbox 255 1036 297 1101; x_wconf 93' lang='lat' dir='ltr'><strong>A.</strong></span> 
     </span>
    </p>

    <p class='ocr_par' dir='ltr' id='par_1_6' title="bbox 65 1126 1177 1327">
     <span class='ocr_line' id='line_1_8' title="bbox 149 1126 1177 1222; baseline -0.004 -21"><span class='ocrx_word' id='word_1_40' title='bbox 149 1141 221 1202; x_wconf 86' lang='lat'><strong>797.</strong></span> <span class='ocrx_word' id='word_1_41' title='bbox 252 1131 361 1216; x_wconf 75' lang='grc' dir='ltr'><strong><em>οὕτως</em></strong></span> <span class='ocrx_word' id='word_1_42' title='bbox 381 1132 462 1222; x_wconf 81' lang='grc' dir='ltr'><strong><em>μετὰ</em></strong></span> <span class='ocrx_word' id='word_1_43' title='bbox 481 1140 542 1204; x_wconf 86' lang='grc' dir='ltr'><strong><em>τοῦ</em></strong></span> <span class='ocrx_word' id='word_1_44' title='bbox 558 1137 750 1220; x_wconf 74' lang='grc' dir='ltr'><strong><em>συνδέσμου</em></strong></span> <span class='ocrx_word' id='word_1_45' title='bbox 772 1137 993 1222; x_wconf 74' lang='grc' dir='ltr'><strong><em>θεσπεσίῳ</em></strong></span> <span class='ocrx_word' id='word_1_46' title='bbox 1013 1127 1047 1198; x_wconf 91' lang='grc' dir='ltr'><strong><em>δ’</em></strong></span> <span class='ocrx_word' id='word_1_47' title='bbox 1071 1126 1177 1217; x_wconf 87' lang='grc' dir='ltr'><strong><em>ὁμά-</em></strong></span> 
     </span>
     <span class='ocr_line' id='line_1_9' title="bbox 65 1238 448 1327; baseline -0.003 -24"><span class='ocrx_word' id='word_1_48' title='bbox 65 1241 130 1327; x_wconf 83' lang='grc' dir='ltr'><strong><em>δφ.</em></strong></span> <span class='ocrx_word' id='word_1_49' title='bbox 154 1238 197 1302; x_wconf 93' lang='grc' dir='ltr'><strong><em>Α.</em></strong></span> <span class='ocrx_word' id='word_1_50' title='bbox 445 1313 448 1317; x_wconf 41' lang='grc'><strong><em>,</em></strong></span> 
     </span>
    </p>

    <p class='ocr_par' dir='ltr' id='par_1_7' title="bbox 48 1330 1177 1632">
     <span class='ocr_line' id='line_1_10' title="bbox 149 1330 1177 1428; baseline -0.003 -23"><span class='ocrx_word' id='word_1_51' title='bbox 149 1343 221 1405; x_wconf 85' lang='grc'>808.</span> <span class='ocrx_word' id='word_1_52' title='bbox 241 1340 457 1406; x_wconf 77' lang='lat' dir='ltr'><strong>Aristonicus.</strong></span> <span class='ocrx_word' id='word_1_53' title='bbox 475 1340 488 1428; x_wconf 85' lang='grc' dir='ltr'><strong><em>ΙΙ</em></strong></span> <span class='ocrx_word' id='word_1_54' title='bbox 502 1339 667 1427; x_wconf 83' lang='lat' dir='ltr'>Didymus</span> <span class='ocrx_word' id='word_1_55' title='bbox 679 1337 734 1403; x_wconf 85' lang='grc' dir='ltr'><strong><em>καὶ</em></strong></span> <span class='ocrx_word' id='word_1_56' title='bbox 745 1330 763 1402; x_wconf 86' lang='grc' dir='ltr'><strong><em>ὁ</em></strong></span> <span class='ocrx_word' id='word_1_57' title='bbox 774 1333 985 1422; x_wconf 79' lang='grc' dir='ltr'><strong><em>Ἀρίσταρχος</em></strong></span> <span class='ocrx_word' id='word_1_58' title='bbox 1000 1336 1088 1422; x_wconf 81' lang='grc' dir='ltr'><strong><em>λέγει</em></strong></span> <span class='ocrx_word' id='word_1_59' title='bbox 1101 1335 1177 1424; x_wconf 79' lang='grc' dir='ltr'><strong><em>περὶ</em></strong></span> 
     </span>
     <span class='ocr_line' id='line_1_11' title="bbox 63 1435 1031 1536; baseline -0.002 -30"><span class='ocrx_word' id='word_1_60' title='bbox 63 1445 125 1506; x_wconf 87' lang='grc' dir='ltr'><strong><em>τοῦ</em></strong></span> <span class='ocrx_word' id='word_1_61' title='bbox 148 1445 263 1526; x_wconf 92' lang='grc' dir='ltr'><strong><em>στίχου</em></strong></span> <span class='ocrx_word' id='word_1_62' title='bbox 284 1435 403 1525; x_wconf 80' lang='grc' dir='ltr'><strong><em>οὕτως,</em></strong></span> <span class='ocrx_word' id='word_1_63' title='bbox 427 1435 478 1506; x_wconf 84' lang='grc' dir='ltr'><strong><em>ότι</em></strong></span> <span class='ocrx_word' id='word_1_64' title='bbox 505 1440 542 1507; x_wconf 81' lang='grc' dir='ltr'><strong><em>έν</em></strong></span> <span class='ocrx_word' id='word_1_65' title='bbox 564 1443 796 1525; x_wconf 87' lang='grc' dir='ltr'><strong><em>Ζηνοδοτείοις</em></strong></span> <span class='ocrx_word' id='word_1_66' title='bbox 818 1437 965 1536; x_wconf 75' lang='grc' dir='ltr'><strong><em>έφέρετο.</em></strong></span> <span class='ocrx_word' id='word_1_67' title='bbox 989 1440 1031 1504; x_wconf 93' lang='lat' dir='ltr'><strong><em>A.</em></strong></span> 
     </span>
     <span class='ocr_line' id='line_1_12' title="bbox 48 1535 1147 1632; baseline -0.001 -23"><span class='ocrx_word' id='word_1_68' title='bbox 48 1625 51 1632; x_wconf 21' lang='grc' dir='ltr'>Ι</span> <span class='ocrx_word' id='word_1_69' title='bbox 149 1547 221 1609; x_wconf 88' lang='grc'>810.</span> <span class='ocrx_word' id='word_1_70' title='bbox 251 1539 463 1628; x_wconf 76' lang='grc' dir='ltr'><strong><em>Ἀρίσταρχος</em></strong></span> <span class='ocrx_word' id='word_1_71' title='bbox 484 1537 638 1627; x_wconf 81' lang='grc' dir='ltr'><strong><em>οὕτως,</em></strong></span> <span class='ocrx_word' id='word_1_72' title='bbox 661 1537 756 1608; x_wconf 80' lang='grc' dir='ltr'><strong><em>άλλοι</em></strong></span> <span class='ocrx_word' id='word_1_73' title='bbox 780 1537 817 1607; x_wconf 74' lang='grc' dir='ltr'><strong><em>δέ</em></strong></span> <span class='ocrx_word' id='word_1_74' title='bbox 838 1535 980 1620; x_wconf 80' lang='grc' dir='ltr'><strong><em>οὕτως.</em></strong></span> <span class='ocrx_word' id='word_1_75' title='bbox 1006 1544 1048 1608; x_wconf 93' lang='lat' dir='ltr'><strong><em>A.</em></strong></span> <span class='ocrx_word' id='word_1_76' title='bbox 1133 1603 1147 1624; x_wconf 34' lang='lat'><strong><em>,¹</em></strong></span> 
     </span>
    </p>

    <p class='ocr_par' dir='ltr' id='par_1_8' title="bbox 63 1639 1177 1833">
     <span class='ocr_line' id='line_1_13' title="bbox 150 1639 1177 1730; baseline 0 -20"><span class='ocrx_word' id='word_1_77' title='bbox 150 1648 222 1710; x_wconf 85' lang='grc'>824.</span> <span class='ocrx_word' id='word_1_78' title='bbox 251 1644 439 1730; x_wconf 80' lang='grc' dir='ltr'><strong><em>Ζηνόδοτος</em></strong></span> <span class='ocrx_word' id='word_1_79' title='bbox 458 1641 634 1730; x_wconf 78' lang='grc' dir='ltr'><strong><em>βουγήῑε</em></strong></span> <span class='ocrx_word' id='word_1_80' title='bbox 654 1639 711 1709; x_wconf 83' lang='grc' dir='ltr'><strong><em>διὰ</em></strong></span> <span class='ocrx_word' id='word_1_81' title='bbox 732 1650 793 1710; x_wconf 80' lang='grc' dir='ltr'><strong><em>τοῦ</em></strong></span> <span class='ocrx_word' id='word_1_82' title='bbox 813 1669 850 1728; x_wconf 86' lang='grc' dir='ltr'><strong><em>η·</em></strong></span> <span class='ocrx_word' id='word_1_83' title='bbox 875 1640 893 1710; x_wconf 89' lang='grc' dir='ltr'>ὁ</span> <span class='ocrx_word' id='word_1_84' title='bbox 917 1644 953 1710; x_wconf 77' lang='grc' dir='ltr'><strong><em>δὲ</em></strong></span> <span class='ocrx_word' id='word_1_85' title='bbox 967 1640 1177 1730; x_wconf 87' lang='grc' dir='ltr'><strong><em>Ἀρίσταρχος</em></strong></span> 
     </span>
     <span class='ocr_line' id='line_1_14' title="bbox 63 1737 1177 1833; baseline 0.002 -21"><span class='ocrx_word' id='word_1_86' title='bbox 63 1741 120 1812; x_wconf 82' lang='grc' dir='ltr'><strong><em>διὰ</em></strong></span> <span class='ocrx_word' id='word_1_87' title='bbox 140 1737 203 1812; x_wconf 78' lang='grc' dir='ltr'><strong><em>τοῦΙ</em></strong></span> <span class='ocrx_word' id='word_1_88' title='bbox 223 1772 261 1833; x_wconf 90' lang='grc' dir='ltr'><strong><em>α,</em></strong></span> <span class='ocrx_word' id='word_1_89' title='bbox 293 1744 375 1831; x_wconf 87' lang='grc' dir='ltr'><strong><em>τάχα</em></strong></span> <span class='ocrx_word' id='word_1_90' title='bbox 397 1746 468 1813; x_wconf 76' lang='grc' dir='ltr'><strong><em>ἐπεὶ</em></strong></span> <span class='ocrx_word' id='word_1_91' title='bbox 488 1751 592 1831; x_wconf 86' lang='grc' dir='ltr'><strong><em>γαίων</em></strong></span> <span class='ocrx_word' id='word_1_92' title='bbox 618 1740 663 1824; x_wconf 79' lang='grc' dir='ltr'><strong><em>ὡς</em></strong></span> <span class='ocrx_word' id='word_1_93' title='bbox 685 1745 739 1812; x_wconf 78' lang='grc' dir='ltr'><strong><em>ἐπὶ</em></strong></span> <span class='ocrx_word' id='word_1_94' title='bbox 758 1743 797 1812; x_wconf 89' lang='grc' dir='ltr'>τό</span> <span class='ocrx_word' id='word_1_95' title='bbox 819 1753 975 1813; x_wconf 76' lang='grc' dir='ltr'><strong><em>πλεῖστον</em></strong></span> <span class='ocrx_word' id='word_1_96' title='bbox 1000 1743 1177 1832; x_wconf 81' lang='grc' dir='ltr'><strong><em>δποιητὴς</em></strong></span> 
     </span>
    </p>

    <p class='ocr_par' dir='ltr' id='par_1_9' title="bbox 65 1849 228 1933">
     <span class='ocr_line' id='line_1_15' title="bbox 65 1849 228 1933; baseline 0.006 -19"><span class='ocrx_word' id='word_1_97' title='bbox 65 1849 164 1933; x_wconf 78' lang='grc' dir='ltr'><strong><em>λέγει.</em></strong></span> <span class='ocrx_word' id='word_1_98' title='bbox 187 1850 228 1915; x_wconf 93' lang='lat' dir='ltr'><strong><em>A.</em></strong></span> 
     </span>
    </p>
   </div>
   <div class='ocr_carea' id='block_1_3' title="bbox 603 2020 640 2104">
    <p class='ocr_par' dir='ltr' id='par_1_10' title="bbox 603 2020 640 2104">
     <span class='ocr_line' id='line_1_16' title="bbox 603 2020 640 2104; baseline -0.324 1"><span class='ocrx_word' id='word_1_99' title='bbox 603 2020 640 2104; x_wconf 77' lang='grc' dir='ltr'><strong><em>Ξ.</em></strong></span> 
     </span>
    </p>
   </div>
   <div class='ocr_carea' id='block_1_4' title="bbox 61 2151 1177 4356">
    <p class='ocr_par' dir='ltr' id='par_1_11' title="bbox 66 2151 1176 2319">
     <span class='ocr_line' id='line_1_17' title="bbox 152 2151 1176 2242; baseline 0.002 -23"><span class='ocrx_word' id='word_1_100' title='bbox 152 2160 200 2221; x_wconf 91' lang='grc'><strong><em>16.</em></strong></span> <span class='ocrx_word' id='word_1_101' title='bbox 231 2151 442 2242; x_wconf 85' lang='grc' dir='ltr'><strong><em>πορφόρη·</em></strong></span> <span class='ocrx_word' id='word_1_102' title='bbox 474 2154 510 2222; x_wconf 86' lang='grc' dir='ltr'><strong><em>έν</em></strong></span> <span class='ocrx_word' id='word_1_103' title='bbox 532 2159 572 2242; x_wconf 78' lang='grc' dir='ltr'><strong><em>τῇ</em></strong></span> <span class='ocrx_word' id='word_1_104' title='bbox 593 2152 787 2238; x_wconf 89' lang='grc' dir='ltr'><strong><em>Ζηνοδότον</em></strong></span> <span class='ocrx_word' id='word_1_105' title='bbox 809 2153 1020 2239; x_wconf 83' lang='grc' dir='ltr'><strong><em>πορφύρει</em></strong></span> <span class='ocrx_word' id='word_1_106' title='bbox 1042 2153 1098 2221; x_wconf 88' lang='grc' dir='ltr'><strong><em>διά</em></strong></span> <span class='ocrx_word' id='word_1_107' title='bbox 1119 2163 1176 2242; x_wconf 84' lang='grc' dir='ltr'><strong><em>τῆς</em></strong></span> 
     </span>
     <span class='ocr_line' id='line_1_18' title="bbox 66 2255 1003 2319; baseline 0.001 -1"><span class='ocrx_word' id='word_1_108' title='bbox 66 2278 105 2318; x_wconf 87' lang='grc' dir='ltr'><strong><em>ει.</em></strong></span> <span class='ocrx_word' id='word_1_109' title='bbox 129 2255 171 2319; x_wconf 95' lang='lat' dir='ltr'><strong><em>A.</em></strong></span> <span class='ocrx_word' id='word_1_110' title='bbox 1002 2265 1003 2272; x_wconf 76' lang='grc'>’</span> 
     </span>
    </p>

    <p class='ocr_par' dir='ltr' id='par_1_12' title="bbox 63 2351 1176 2541">
     <span class='ocr_line' id='line_1_19' title="bbox 151 2351 1176 2443; baseline 0.003 -24"><span class='ocrx_word' id='word_1_111' title='bbox 151 2361 200 2421; x_wconf 93' lang='grc'><strong><em>17.</em></strong></span> <span class='ocrx_word' id='word_1_112' title='bbox 243 2351 352 2436; x_wconf 80' lang='grc' dir='ltr'><strong><em>οὕτως</em></strong></span> <span class='ocrx_word' id='word_1_113' title='bbox 382 2353 473 2424; x_wconf 80' lang='grc' dir='ltr'><strong><em>οὐδ’</em></strong></span> <span class='ocrx_word' id='word_1_114' title='bbox 506 2353 583 2443; x_wconf 86' lang='grc' dir='ltr'><strong><em>άρα</em></strong></span> <span class='ocrx_word' id='word_1_115' title='bbox 609 2381 650 2422; x_wconf 87' lang='grc' dir='ltr'><strong><em>τε</em></strong></span> <span class='ocrx_word' id='word_1_116' title='bbox 685 2354 741 2423; x_wconf 87' lang='grc' dir='ltr'><strong><em>διά</em></strong></span> <span class='ocrx_word' id='word_1_117' title='bbox 773 2363 836 2424; x_wconf 81' lang='grc' dir='ltr'><strong><em>τοῦ</em></strong></span> <span class='ocrx_word' id='word_1_118' title='bbox 868 2357 912 2424; x_wconf 87' lang='grc' dir='ltr'><strong><em>τέ</em></strong></span> <span class='ocrx_word' id='word_1_119' title='bbox 941 2360 978 2422; x_wconf 76' lang='grc' dir='ltr'><strong><em>αἱ</em></strong></span> <span class='ocrx_word' id='word_1_120' title='bbox 1002 2353 1176 2443; x_wconf 90' lang='grc' dir='ltr'><strong><em>Ἀριστάρ-</em></strong></span> 
     </span>
     <span class='ocr_line' id='line_1_20' title="bbox 63 2461 199 2541; baseline 0 -19"><span class='ocrx_word' id='word_1_121' title='bbox 63 2481 135 2541; x_wconf 93' lang='grc' dir='ltr'><strong><em>χον.</em></strong></span> <span class='ocrx_word' id='word_1_122' title='bbox 157 2461 199 2522; x_wconf 91' lang='grc' dir='ltr'><strong><em>Α.</em></strong></span> 
     </span>
    </p>

    <p class='ocr_par' dir='ltr' id='par_1_13' title="bbox 62 2557 1177 2748">
     <span class='ocr_line' id='line_1_21' title="bbox 150 2557 1177 2650; baseline 0.005 -27"><span class='ocrx_word' id='word_1_123' title='bbox 150 2563 200 2624; x_wconf 83' lang='grc'><strong><em>36.</em></strong></span> <span class='ocrx_word' id='word_1_124' title='bbox 237 2560 337 2641; x_wconf 78' lang='grc' dir='ltr'><strong><em>διχοίς</em></strong></span> <span class='ocrx_word' id='word_1_125' title='bbox 359 2563 396 2625; x_wconf 88' lang='grc' dir='ltr'><strong><em>αί</em></strong></span> <span class='ocrx_word' id='word_1_126' title='bbox 419 2557 635 2650; x_wconf 82' lang='grc' dir='ltr'><strong><em>Ἀριστάρχου</em></strong></span> <span class='ocrx_word' id='word_1_127' title='bbox 657 2557 819 2648; x_wconf 86' lang='grc' dir='ltr'><strong><em>μακρόν</em></strong></span> <span class='ocrx_word' id='word_1_128' title='bbox 840 2562 896 2627; x_wconf 80' lang='grc' dir='ltr'><strong><em>καί</em></strong></span> <span class='ocrx_word' id='word_1_129' title='bbox 918 2559 1088 2628; x_wconf 82' lang='grc' dir='ltr'><strong><em>πολλόν.</em></strong></span> <span class='ocrx_word' id='word_1_130' title='bbox 1108 2568 1177 2647; x_wconf 88' lang='grc' dir='ltr'><strong><em>Ζη-</em></strong></span> 
     </span>
     <span class='ocr_line' id='line_1_22' title="bbox 62 2655 836 2748; baseline 0.001 -21"><span class='ocrx_word' id='word_1_131' title='bbox 62 2661 203 2738; x_wconf 87' lang='grc' dir='ltr'><strong><em>νόδοτος</em></strong></span> <span class='ocrx_word' id='word_1_132' title='bbox 227 2659 283 2724; x_wconf 80' lang='grc' dir='ltr'><strong><em>καί</em></strong></span> <span class='ocrx_word' id='word_1_133' title='bbox 301 2655 543 2748; x_wconf 75' lang='grc' dir='ltr'><strong><em>Ἀριστοφάνης</em></strong></span> <span class='ocrx_word' id='word_1_134' title='bbox 561 2663 727 2730; x_wconf 79' lang='grc' dir='ltr'><strong><em>πολλόν.</em></strong></span> <span class='ocrx_word' id='word_1_135' title='bbox 749 2667 791 2730; x_wconf 95' lang='lat' dir='ltr'><strong><em>A.</em></strong></span> <span class='ocrx_word' id='word_1_136' title='bbox 834 2707 836 2710; x_wconf 94' lang='lat'>-</span> 
     </span>
    </p>

    <p class='ocr_par' dir='ltr' id='par_1_14' title="bbox 63 2757 1175 3054">
     <span class='ocr_line' id='line_1_23' title="bbox 148 2757 1174 2851; baseline 0.002 -25"><span class='ocrx_word' id='word_1_137' title='bbox 148 2767 199 2828; x_wconf 83' lang='lat'><strong>37.</strong></span> <span class='ocrx_word' id='word_1_138' title='bbox 220 2757 430 2848; x_wconf 89' lang='grc' dir='ltr'><strong><em>Ἀρίσταρχος</em></strong></span> <span class='ocrx_word' id='word_1_139' title='bbox 452 2766 534 2850; x_wconf 84' lang='grc' dir='ltr'><strong><em>φησὶ</em></strong></span> <span class='ocrx_word' id='word_1_140' title='bbox 554 2763 748 2851; x_wconf 91' lang='grc' dir='ltr'><strong><em>Ζηνόδοτον</em></strong></span> <span class='ocrx_word' id='word_1_141' title='bbox 771 2761 918 2850; x_wconf 79' lang='grc' dir='ltr'><strong><em>γράφειν</em></strong></span> <span class='ocrx_word' id='word_1_142' title='bbox 939 2760 1174 2842; x_wconf 79' lang='grc' dir='ltr'><strong><em>ὀψαΐοντες.</em></strong></span> 
     </span>
     <span class='ocr_line' id='line_1_24' title="bbox 63 2860 1175 2957; baseline 0.002 -27"><span class='ocrx_word' id='word_1_143' title='bbox 63 2862 80 2930; x_wconf 91' lang='grc' dir='ltr'><strong><em>ὁ</em></strong></span> <span class='ocrx_word' id='word_1_144' title='bbox 104 2860 137 2933; x_wconf 88' lang='grc' dir='ltr'><strong><em>δ’</em></strong></span> <span class='ocrx_word' id='word_1_145' title='bbox 164 2865 320 2949; x_wconf 80' lang='grc' dir='ltr'><strong><em>έπιθέτης</em></strong></span> <span class='ocrx_word' id='word_1_146' title='bbox 335 2870 541 2952; x_wconf 75' lang='grc' dir='ltr'><strong><em>Πτολεμαῖος</em></strong></span> <span class='ocrx_word' id='word_1_147' title='bbox 562 2871 614 2957; x_wconf 75' lang='grc' dir='ltr'><strong><em>τῷ</em></strong></span> <span class='ocrx_word' id='word_1_148' title='bbox 634 2861 666 2952; x_wconf 77' lang='grc' dir='ltr'><strong><em>ῥ’</em></strong></span> <span class='ocrx_word' id='word_1_149' title='bbox 689 2862 781 2951; x_wconf 83' lang='grc' dir='ltr'><strong><em>οἵγ’</em></strong></span> <span class='ocrx_word' id='word_1_150' title='bbox 807 2862 857 2931; x_wconf 85' lang='grc' dir='ltr'><strong><em>οά</em></strong></span> <span class='ocrx_word' id='word_1_151' title='bbox 880 2863 1096 2944; x_wconf 77' lang='grc' dir='ltr'><strong><em>ψαύοντες.</em></strong></span> <span class='ocrx_word' id='word_1_152' title='bbox 1119 2868 1175 2932; x_wconf 79' lang='grc' dir='ltr'><strong><em>καί</em></strong></span> 
     </span>
     <span class='ocr_line' id='line_1_25' title="bbox 64 2964 718 3054; baseline -0.002 -21"><span class='ocrx_word' id='word_1_153' title='bbox 64 2965 169 3052; x_wconf 84' lang='grc' dir='ltr'><strong><em>λόγον</em></strong></span> <span class='ocrx_word' id='word_1_154' title='bbox 189 2965 293 3051; x_wconf 84' lang='grc' dir='ltr'><strong><em>φησὶν</em></strong></span> <span class='ocrx_word' id='word_1_155' title='bbox 315 2967 402 3049; x_wconf 80' lang='grc' dir='ltr'><strong><em>ἔχειν</em></strong></span> <span class='ocrx_word' id='word_1_156' title='bbox 425 2964 487 3053; x_wconf 82' lang='grc' dir='ltr'><strong><em>τὴν</em></strong></span> <span class='ocrx_word' id='word_1_157' title='bbox 508 2965 653 3054; x_wconf 79' lang='grc' dir='ltr'><strong><em>γραφήν.</em></strong></span> <span class='ocrx_word' id='word_1_158' title='bbox 676 2968 718 3033; x_wconf 94' lang='lat' dir='ltr'><strong><em>A.</em></strong></span> 
     </span>
    </p>

    <p class='ocr_par' dir='ltr' id='par_1_15' title="bbox 62 3062 1175 3561">
     <span class='ocr_line' id='line_1_26' title="bbox 148 3062 1175 3154; baseline -0.001 -20"><span class='ocrx_word' id='word_1_159' title='bbox 148 3075 200 3134; x_wconf 88' lang='grc'><strong><em>40.</em></strong></span> <span class='ocrx_word' id='word_1_160' title='bbox 241 3062 349 3146; x_wconf 81' lang='grc' dir='ltr'><strong><em>οὕτως</em></strong></span> <span class='ocrx_word' id='word_1_161' title='bbox 380 3065 436 3135; x_wconf 86' lang='grc' dir='ltr'><strong><em>διά</em></strong></span> <span class='ocrx_word' id='word_1_162' title='bbox 468 3075 531 3136; x_wconf 82' lang='grc' dir='ltr'><strong><em>τοῦ</em></strong></span> <span class='ocrx_word' id='word_1_163' title='bbox 565 3094 583 3135; x_wconf 92' lang='grc' dir='ltr'><strong><em>τ</em></strong></span> <span class='ocrx_word' id='word_1_164' title='bbox 613 3073 650 3136; x_wconf 89' lang='grc' dir='ltr'><strong><em>αί</em></strong></span> <span class='ocrx_word' id='word_1_165' title='bbox 672 3065 890 3154; x_wconf 87' lang='grc' dir='ltr'><strong><em>Ἀριστάρχου</em></strong></span> <span class='ocrx_word' id='word_1_166' title='bbox 923 3071 1097 3154; x_wconf 84' lang='grc' dir='ltr'><strong><em>πτῆξεν,</em></strong></span> <span class='ocrx_word' id='word_1_167' title='bbox 1129 3072 1175 3147; x_wconf 82' lang='grc' dir='ltr'><strong><em>εἰς</em></strong></span> 
     </span>
     <span class='ocr_line' id='line_1_27' title="bbox 63 3166 1175 3256; baseline -0.003 -18"><span class='ocrx_word' id='word_1_168' title='bbox 63 3175 183 3238; x_wconf 83' lang='grc' dir='ltr'><strong><em>πτοίαν</em></strong></span> <span class='ocrx_word' id='word_1_169' title='bbox 211 3166 347 3254; x_wconf 78' lang='grc' dir='ltr'><strong><em>ἤγαγεν.</em></strong></span> <span class='ocrx_word' id='word_1_170' title='bbox 396 3166 503 3249; x_wconf 80' lang='grc' dir='ltr'><strong><em>οὕτως</em></strong></span> <span class='ocrx_word' id='word_1_171' title='bbox 531 3173 586 3238; x_wconf 76' lang='grc' dir='ltr'><strong><em>καὶ</em></strong></span> <span class='ocrx_word' id='word_1_172' title='bbox 613 3168 865 3256; x_wconf 85' lang='grc' dir='ltr'><strong><em>Ἀριστοφάνης.</em></strong></span> <span class='ocrx_word' id='word_1_173' title='bbox 905 3171 921 3240; x_wconf 86' lang='grc' dir='ltr'><strong><em>δ</em></strong></span> <span class='ocrx_word' id='word_1_174' title='bbox 948 3171 983 3238; x_wconf 78' lang='grc' dir='ltr'><strong><em>δὲ</em></strong></span> <span class='ocrx_word' id='word_1_175' title='bbox 1007 3170 1175 3248; x_wconf 82' lang='grc' dir='ltr'><strong><em>Σιδώνιος</em></strong></span> 
     </span>
     <span class='ocr_line' id='line_1_28' title="bbox 64 3268 1175 3362; baseline -0.002 -23"><span class='ocrx_word' id='word_1_176' title='bbox 64 3274 185 3358; x_wconf 82' lang='grc' dir='ltr'><strong><em>πῆξε,</em></strong></span> <span class='ocrx_word' id='word_1_177' title='bbox 208 3274 245 3338; x_wconf 85' lang='grc' dir='ltr'><strong><em>έν</em></strong></span> <span class='ocrx_word' id='word_1_178' title='bbox 264 3274 324 3362; x_wconf 83' lang='grc' dir='ltr'><strong><em>οἵφ</em></strong></span> <span class='ocrx_word' id='word_1_179' title='bbox 346 3270 459 3361; x_wconf 85' lang='grc' dir='ltr'><strong><em>τρόπφ</em></strong></span> <span class='ocrx_word' id='word_1_180' title='bbox 478 3273 532 3339; x_wconf 82' lang='grc' dir='ltr'><strong><em>καὶ</em></strong></span> <span class='ocrx_word' id='word_1_181' title='bbox 554 3273 592 3339; x_wconf 89' lang='grc' dir='ltr'><strong><em>έν</em></strong></span> <span class='ocrx_word' id='word_1_182' title='bbox 613 3279 659 3362; x_wconf 76' lang='grc' dir='ltr'><strong><em>τῷ</em></strong></span> <span class='ocrx_word' id='word_1_183' title='bbox 678 3279 740 3362; x_wconf 79' lang='grc' dir='ltr'><strong><em>βίῳ</em></strong></span> <span class='ocrx_word' id='word_1_184' title='bbox 762 3275 873 3359; x_wconf 78' lang='grc' dir='ltr'><strong><em>φαμὲν</em></strong></span> <span class='ocrx_word' id='word_1_185' title='bbox 895 3273 1078 3358; x_wconf 83' lang='grc' dir='ltr'><strong><em>πεπηγέναι</em></strong></span> <span class='ocrx_word' id='word_1_186' title='bbox 1099 3268 1175 3338; x_wconf 85' lang='grc' dir='ltr'><strong><em>τινά</em></strong></span> 
     </span>
     <span class='ocr_line' id='line_1_29' title="bbox 62 3368 1174 3465; baseline -0.002 -25"><span class='ocrx_word' id='word_1_187' title='bbox 62 3379 109 3464; x_wconf 77' lang='grc' dir='ltr'><strong><em>τῷ</em></strong></span> <span class='ocrx_word' id='word_1_188' title='bbox 139 3370 252 3464; x_wconf 82' lang='grc' dir='ltr'><strong><em>φόβφ·</em></strong></span> <span class='ocrx_word' id='word_1_189' title='bbox 287 3370 377 3458; x_wconf 85' lang='grc' dir='ltr'><strong><em>παρά</em></strong></span> <span class='ocrx_word' id='word_1_190' title='bbox 404 3371 441 3440; x_wconf 73' lang='grc' dir='ltr'><strong><em>δέ</em></strong></span> <span class='ocrx_word' id='word_1_191' title='bbox 468 3372 647 3465; x_wconf 84' lang='grc' dir='ltr'><strong><em>Ζηνοδότφ</em></strong></span> <span class='ocrx_word' id='word_1_192' title='bbox 676 3375 859 3461; x_wconf 82' lang='grc' dir='ltr'><strong><em>ἐγέγραπτο</em></strong></span> <span class='ocrx_word' id='word_1_193' title='bbox 891 3375 1069 3459; x_wconf 81' lang='grc' dir='ltr'><strong><em>ἑταίρων</em></strong></span> <span class='ocrx_word' id='word_1_194' title='bbox 1100 3368 1174 3439; x_wconf 80' lang='grc' dir='ltr'><strong><em>ἀντὶ</em></strong></span> 
     </span>
     <span class='ocr_line' id='line_1_30' title="bbox 63 3471 1095 3561; baseline -0.002 -18"><span class='ocrx_word' id='word_1_195' title='bbox 63 3481 128 3544; x_wconf 77' lang='grc' dir='ltr'><strong><em>τοῦ</em></strong></span> <span class='ocrx_word' id='word_1_196' title='bbox 147 3471 325 3561; x_wconf 74' lang='grc' dir='ltr'><strong><em>Ἀχαιοῖν.</em></strong></span> <span class='ocrx_word' id='word_1_197' title='bbox 355 3477 411 3542; x_wconf 83' lang='lat' dir='ltr'><strong>A.</strong></span> <span class='ocrx_word' id='word_1_198' title='bbox 1094 3483 1095 3486; x_wconf 73' lang='grc'>’</span> 
     </span>
    </p>

    <p class='ocr_par' dir='ltr' id='par_1_16' title="bbox 148 3571 1007 3663">
     <span class='ocr_line' id='line_1_31' title="bbox 148 3571 1007 3663; baseline -0.002 -19"><span class='ocrx_word' id='word_1_199' title='bbox 148 3586 200 3645; x_wconf 88' lang='grc'><strong><em>44.</em></strong></span> <span class='ocrx_word' id='word_1_200' title='bbox 224 3579 366 3643; x_wconf 86' lang='grc' dir='ltr'><strong><em>δείδω·</em></strong></span> <span class='ocrx_word' id='word_1_201' title='bbox 387 3577 426 3642; x_wconf 87' lang='grc' dir='ltr'><strong><em>έν</em></strong></span> <span class='ocrx_word' id='word_1_202' title='bbox 447 3580 487 3663; x_wconf 76' lang='grc' dir='ltr'><strong><em>τῇ</em></strong></span> <span class='ocrx_word' id='word_1_203' title='bbox 504 3571 768 3662; x_wconf 88' lang='grc' dir='ltr'><strong><em>Ἀριστοφάνους</em></strong></span> <span class='ocrx_word' id='word_1_204' title='bbox 791 3579 941 3644; x_wconf 87' lang='grc' dir='ltr'><strong><em>δείδια.</em></strong></span> <span class='ocrx_word' id='word_1_205' title='bbox 964 3580 1007 3643; x_wconf 90' lang='grc' dir='ltr'><strong><em>Α.</em></strong></span> 
     </span>
    </p>

    <p class='ocr_par' dir='ltr' id='par_1_17' title="bbox 148 3672 1044 3764">
     <span class='ocr_line' id='line_1_32' title="bbox 148 3672 1044 3764; baseline 0 -20"><span class='ocrx_word' id='word_1_206' title='bbox 148 3683 200 3745; x_wconf 87' lang='grc'><strong><em>45.</em></strong></span> <span class='ocrx_word' id='word_1_207' title='bbox 224 3675 252 3744; x_wconf 79' lang='grc' dir='ltr'><strong><em>ά</em></strong></span> <span class='ocrx_word' id='word_1_208' title='bbox 259 3703 291 3756; x_wconf 87' lang='grc' dir='ltr'><strong><em>ς·</em></strong></span> <span class='ocrx_word' id='word_1_209' title='bbox 311 3672 552 3763; x_wconf 85' lang='grc' dir='ltr'><strong><em>Ἀριστοφάνης</em></strong></span> <span class='ocrx_word' id='word_1_210' title='bbox 574 3675 617 3757; x_wconf 85' lang='grc' dir='ltr'><strong><em>ὅς</em></strong></span> <span class='ocrx_word' id='word_1_211' title='bbox 638 3675 693 3744; x_wconf 86' lang='grc' dir='ltr'><strong><em>διά</em></strong></span> <span class='ocrx_word' id='word_1_212' title='bbox 713 3682 776 3744; x_wconf 81' lang='grc' dir='ltr'><strong><em>τοῦ</em></strong></span> <span class='ocrx_word' id='word_1_213' title='bbox 799 3703 817 3744; x_wconf 95' lang='grc' dir='ltr'><strong><em>ο</em></strong></span> <span class='ocrx_word' id='word_1_214' title='bbox 840 3676 973 3764; x_wconf 87' lang='grc' dir='ltr'><strong><em>γράφει.</em></strong></span> <span class='ocrx_word' id='word_1_215' title='bbox 1003 3679 1044 3744; x_wconf 90' lang='lat' dir='ltr'><strong>A.</strong></span> 
     </span>
    </p>

    <p class='ocr_par' dir='ltr' id='par_1_18' title="bbox 148 3773 1096 3866">
     <span class='ocr_line' id='line_1_33' title="bbox 148 3773 1096 3866; baseline 0.004 -24"><span class='ocrx_word' id='word_1_216' title='bbox 148 3782 199 3844; x_wconf 88' lang='lat'><strong>58.</strong></span> <span class='ocrx_word' id='word_1_217' title='bbox 220 3782 375 3863; x_wconf 90' lang='grc' dir='ltr'><strong><em>γνοίης</em></strong></span> <span class='ocrx_word' id='word_1_218' title='bbox 395 3773 636 3866; x_wconf 88' lang='grc' dir='ltr'><strong><em>Ἀριστοφάνης</em></strong></span> <span class='ocrx_word' id='word_1_219' title='bbox 656 3779 755 3866; x_wconf 80' lang='grc' dir='ltr'><strong><em>χωρίς</em></strong></span> <span class='ocrx_word' id='word_1_220' title='bbox 776 3784 838 3846; x_wconf 81' lang='grc' dir='ltr'><strong><em>τοῦ</em></strong></span> <span class='ocrx_word' id='word_1_221' title='bbox 860 3798 881 3846; x_wconf 88' lang='grc' dir='ltr'><strong><em>σ</em></strong></span> <span class='ocrx_word' id='word_1_222' title='bbox 902 3785 1032 3865; x_wconf 91' lang='grc' dir='ltr'><strong><em>γνοίη.</em></strong></span> <span class='ocrx_word' id='word_1_223' title='bbox 1054 3782 1096 3847; x_wconf 93' lang='lat' dir='ltr'><strong>A.</strong></span> 
     </span>
    </p>

    <p class='ocr_par' dir='ltr' id='par_1_19' title="bbox 63 3873 1171 4072">
     <span class='ocr_line' id='line_1_34' title="bbox 147 3873 1171 3968; baseline -0.001 -21"><span class='ocrx_word' id='word_1_224' title='bbox 147 3887 198 3947; x_wconf 89' lang='grc'><strong><em>67.</em></strong></span> <span class='ocrx_word' id='word_1_225' title='bbox 244 3878 441 3967; x_wconf 78' lang='grc' dir='ltr'><strong><em>διήλλαττον</em></strong></span> <span class='ocrx_word' id='word_1_226' title='bbox 468 3885 504 3948; x_wconf 86' lang='grc' dir='ltr'><strong><em>αί</em></strong></span> <span class='ocrx_word' id='word_1_227' title='bbox 527 3880 759 3968; x_wconf 80' lang='grc' dir='ltr'><strong><em>Ἀριστάρχου,</em></strong></span> <span class='ocrx_word' id='word_1_228' title='bbox 790 3875 854 3962; x_wconf 82' lang='grc' dir='ltr'><strong><em>οἷς</em></strong></span> <span class='ocrx_word' id='word_1_229' title='bbox 879 3884 947 3948; x_wconf 80' lang='grc' dir='ltr'><strong><em>ἔπι</em></strong></span> <span class='ocrx_word' id='word_1_230' title='bbox 976 3884 1031 3948; x_wconf 79' lang='grc' dir='ltr'><strong><em>καί</em></strong></span> <span class='ocrx_word' id='word_1_231' title='bbox 1054 3873 1075 3968; x_wconf 76' lang='grc' dir='ltr'><em>ᾗ</em></span> <span class='ocrx_word' id='word_1_232' title='bbox 1097 3884 1171 3947; x_wconf 76' lang='grc' dir='ltr'><strong><em>ἔπι.</em></strong></span> 
     </span>
     <span class='ocr_line' id='line_1_35' title="bbox 63 3977 737 4072; baseline 0.001 -23"><span class='ocrx_word' id='word_1_233' title='bbox 63 3977 113 4062; x_wconf 81' lang='grc' dir='ltr'><strong><em>οἷς</em></strong></span> <span class='ocrx_word' id='word_1_234' title='bbox 136 3986 201 4069; x_wconf 78' lang='grc' dir='ltr'><strong><em>ἔπι,</em></strong></span> <span class='ocrx_word' id='word_1_235' title='bbox 223 3988 263 4070; x_wconf 76' lang='grc' dir='ltr'><strong><em>τῇ</em></strong></span> <span class='ocrx_word' id='word_1_236' title='bbox 284 3979 403 4072; x_wconf 85' lang='grc' dir='ltr'><strong><em>τάφρφ</em></strong></span> <span class='ocrx_word' id='word_1_237' title='bbox 426 3987 545 4072; x_wconf 75' lang='grc' dir='ltr'><strong><em>καὶτῷ</em></strong></span> <span class='ocrx_word' id='word_1_238' title='bbox 566 3988 673 4068; x_wconf 87' lang='grc' dir='ltr'><strong><em>τείχει.</em></strong></span> <span class='ocrx_word' id='word_1_239' title='bbox 695 3985 737 4050; x_wconf 93' lang='lat' dir='ltr'><strong>A.</strong></span> 
     </span>
    </p>

    <p class='ocr_par' dir='ltr' id='par_1_20' title="bbox 61 4080 1174 4356">
     <span class='ocr_line' id='line_1_36' title="bbox 148 4080 1174 4171; baseline -0.002 -21"><span class='ocrx_word' id='word_1_240' title='bbox 148 4089 199 4151; x_wconf 81' lang='lat'><strong>72.</strong></span> <span class='ocrx_word' id='word_1_241' title='bbox 244 4080 352 4162; x_wconf 81' lang='grc' dir='ltr'><strong><em>οὕτως</em></strong></span> <span class='ocrx_word' id='word_1_242' title='bbox 380 4086 417 4150; x_wconf 89' lang='grc' dir='ltr'><strong><em>αί</em></strong></span> <span class='ocrx_word' id='word_1_243' title='bbox 437 4081 651 4171; x_wconf 89' lang='grc' dir='ltr'><strong><em>Ἀριστάρχου</em></strong></span> <span class='ocrx_word' id='word_1_244' title='bbox 674 4081 694 4152; x_wconf 86' lang='grc' dir='ltr'><strong><em>ό</em></strong></span> <span class='ocrx_word' id='word_1_245' title='bbox 702 4111 742 4152; x_wconf 89' lang='grc' dir='ltr'><strong><em>τε</em></strong></span> <span class='ocrx_word' id='word_1_246' title='bbox 764 4083 823 4152; x_wconf 86' lang='grc' dir='ltr'><strong><em>Ιδιά</em></strong></span> <span class='ocrx_word' id='word_1_247' title='bbox 844 4089 906 4170; x_wconf 81' lang='grc' dir='ltr'><strong><em>τοῦ</em></strong></span> <span class='ocrx_word' id='word_1_248' title='bbox 933 4109 958 4149; x_wconf 87' lang='grc' dir='ltr'><strong><em>ε.</em></strong></span> <span class='ocrx_word' id='word_1_249' title='bbox 1001 4083 1056 4149; x_wconf 80' lang='grc' dir='ltr'><strong><em>καὶ</em></strong></span> <span class='ocrx_word' id='word_1_250' title='bbox 1080 4086 1174 4148; x_wconf 80' lang='grc' dir='ltr'><strong><em>ἔστιν</em></strong></span> 
     </span>
     <span class='ocr_line' id='line_1_37' title="bbox 61 4180 1174 4274; baseline -0.002 -23"><span class='ocrx_word' id='word_1_251' title='bbox 61 4181 258 4252; x_wconf 78' lang='grc' dir='ltr'><strong><em>άιιόλονθον</em></strong></span> <span class='ocrx_word' id='word_1_252' title='bbox 292 4190 339 4274; x_wconf 72' lang='grc' dir='ltr'><strong><em>τῷ</em></strong></span> <span class='ocrx_word' id='word_1_253' title='bbox 364 4181 464 4274; x_wconf 63' lang='grc' dir='ltr'><strong><em>’ᾔδεα</em></strong></span> <span class='ocrx_word' id='word_1_254' title='bbox 492 4183 556 4273; x_wconf 86' lang='grc' dir='ltr'><strong><em>γάρ</em></strong></span> <span class='ocrx_word' id='word_1_255' title='bbox 580 4183 635 4254; x_wconf 79' lang='grc' dir='ltr'><strong><em>ὅτε</em></strong></span> <span class='ocrx_word' id='word_1_256' title='bbox 657 4183 841 4274; x_wconf 80' lang='grc' dir='ltr'><strong><em>πρόφρων’</em></strong></span> <span class='ocrx_word' id='word_1_257' title='bbox 871 4184 908 4251; x_wconf 88' lang='grc' dir='ltr'><strong><em>τδ</em></strong></span> <span class='ocrx_word' id='word_1_258' title='bbox 932 4180 1026 4249; x_wconf 61' lang='grc' dir='ltr'><strong><em>ὀἶδα</em></strong></span> <span class='ocrx_word' id='word_1_259' title='bbox 1048 4180 1085 4251; x_wconf 70' lang='grc' dir='ltr'><strong><em>δέ</em></strong></span> <span class='ocrx_word' id='word_1_260' title='bbox 1106 4188 1174 4250; x_wconf 81' lang='grc' dir='ltr'><strong><em>νῦν</em></strong></span> 
     </span>
     <span class='ocr_line' id='line_1_38' title="bbox 63 4285 468 4356; baseline -0.002 0"><span class='ocrx_word' id='word_1_261' title='bbox 63 4285 149 4356; x_wconf 81' lang='grc' dir='ltr'><strong><em>ὅτε’.</em></strong></span> <span class='ocrx_word' id='word_1_262' title='bbox 174 4289 215 4355; x_wconf 96' lang='lat' dir='ltr'><strong>A.</strong></span> <span class='ocrx_word' id='word_1_263' title='bbox 465 4313 468 4318; x_wconf 88' lang='lat'><em>·</em></span> 
     </span>
    </p>
   </div>
   <div class='ocr_carea' id='block_1_5' title="bbox 0 0 1380 4890">
    <p class='ocr_par' dir='ltr' id='par_1_21' title="bbox 0 0 1380 4890">
     <span class='ocr_line' id='line_1_39' title="bbox 0 0 1380 4890; baseline 0 0"><span class='ocrx_word' id='word_1_264' title='bbox 0 0 1380 4890; x_wconf 95' lang='lat' dir='ltr'><strong><em> </em></strong></span> 
     </span>
    </p>
   </div>
  </div>
 </body>
</html>
