2752 4890
556 421 599 433 -
641 389 745 450 1·-
985 433 987 438 .
1144 382 1201 446 137

118 573 300 646 [umquam
337 563 370 620 ot
399 553 525 641 reliqua
554 553 668 633 soholii
699 573 775 639 pars
795 549 1050 616 Friedloondero
1080 572 1113 636 p.
1145 549 1203 612 169

118 673 183 728 sote
204 658 334 724 videtur
355 681 397 722 ex
419 656 606 722 Aristonico
627 663 660 720 ot
679 653 825 740 Didymo
847 653 1019 718 coaluisse.

180 764 252 826 279.
276 755 385 838 οὕτως
404 753 615 841 Ἀρίσταρχος
640 749 721 839 μετὰ
743 757 806 819 τοῦ
825 769 846 818 σ
865 749 1092 839 ἀμύμονας.
1110 753 1152 817 Α.

180 867 252 928 274.
273 857 497 949 Ἀρίσταρχος·
536 855 664 942 κούρη
696 857 781 938 (ood.
813 855 985 942 κούρης)
1020 859 1201 941 Βρισηῒς,

118 964 160 1033 τί
180 961 224 1028 δέ
243 963 377 1048 με’γαν
395 959 523 1048 ὅρκον
540 957 715 1046 ὀμεῖται.
743 958 785 1023 A.

180 1069 252 1132 297.
267 1105 311 1118 -
325 1060 434 1144 οὕτως
451 1061 516 1149 γὰρ
529 1059 739 1146 Ἀρίσταρχος
754 1055 1026 1147 τιμήσωνται,
1047 1055 1092 1139 ὡς
1106 1058 1202 1128 ἐλεύ-

118 1189 230 1234 ωνται.
251 1167 293 1232 A.

177 1271 250 1334 299.
270 1265 327 1334 διὰ
349 1270 412 1335 τοῦ
433 1264 548 1354 ἑτέρου
564 1273 582 1334 λ
599 1261 637 1333 τδ
656 1260 964 1350 μεταλλήξαντι
985 1259 1203 1351 αίἈριστάρ-

118 1394 165 1436 ov.
188 1369 308 1454 Α.,ο1’.
332 1374 404 1435 210.

181 1476 255 1537 316.
279 1473 455 1559 κρανέω·
477 1465 688 1553 Ἀρίσταρχος
707 1467 884 1554 φρονέω.
908 1471 951 1535 Α.

178 1580 251 1641 317.
273 1569 357 1659 μετ’
384 1568 603 1658 ἀνδράσιν·
624 1566 834 1656 Ἀρίσταρχος
856 1565 914 1636 ἐτ’
938 1565 1126 1654 ἀνδράσι.
1159 1573 1201 1639 A.

178 1679 251 1742 322.
274 1672 382 1752 οὕτως
399 1669 587 1757 Ἀίσταρχος
614 1675 856 1758 πολεμίξειν
882 1668 965 1740 κατά
993 1670 1030 1740 τὸ
1053 1668 1203 1760 ἀταρέμ-

118 1804 213 1849 ατον.
241 1779 283 1845 A.
409 1841 411 1848 .

178 1886 251 1949 324.
282 1873 339 1944 διά
361 1880 423 1944 τοῦ
444 1872 521 1959 ἀρα
541 1873 793 1962 γράφονσινάί
808 1869 1041 1967 Ἀριστάρχου,
1069 1881 1180 1944 sosoi
1186 1904 1204 1957 ς

154 1980 233 2068 ἀρα
255 1983 302 2048 oi.
326 1982 363 2046 αί
382 1976 419 2045 δὲ
441 1975 639 2059 είκαιότεραι
664 1984 799 2058 κακοῖς
820 1981 869 2046 δι’
887 1981 929 2046 τέ
947 1983 993 2046 oi.
1015 1982 1057 2046 A.

178 2089 248 2152 349.
274 2087 346 2149 359.
360 2081 407 2146 έν
418 2083 465 2170 τῷ
482 2079 558 2164 περὶ
569 2073 705 2159 Ἰλιάδος
718 2079 772 2146 καί
785 2077 976 2162 Ὀδυσσείας
994 2077 1012 2149 ὅ
1031 2079 1203 2168 Ἀρίσταρ-

118 2217 147 2270 »g
169 2186 373 2273 προφέρεται
394 2181 462 2247 καὶ
483 2175 637 2264 ἤλασεν
657 2179 799 2248 §noos
817 2180 999 2267 τάφρον,
1023 2187 1077 2250 καλ
1099 2185 1136 2250 ἐν
1158 2187 1204 2272 τῷ

118 2296 167 2378 οἷς
182 2286 277 2373 περὶ
298 2283 341 2351 δὲ
361 2279 573 2361 σκόλοπας
591 2283 826 2368 κατέτηξεν.
866 2286 929 2351 είσί
948 2286 983 2352 δὲ
1002 2281 1070 2353 οὐκ
1084 2281 1204 2352 ἀτοκοι

118 2397 124 2456 ἵ
146 2394 285 2477 γραφαί.
308 2388 361 2469 Α,
383 2385 425 2450 of.
447 2386 487 2451 L.

178 2494 251 2558 383.
270 2484 481 2572 Ἀρίσταρχος
504 2482 690 2572 ἑκάστας,
710 2481 806 2552 ἄλλοι
829 2484 865 2553 δὲ
886 2485 1074 2573 εἰιάστην.
1107 2490 1148 2555 Α.

178 2596 250 2658 394.
270 2585 479 2674 Ἀρίσταρχος
496 2585 678 2671 γυναῖκά
700 2611 745 2672 γε
766 2586 977 2672 μάσσεται.
1000 2593 1047 2674 A.

178 2697 250 2760 397.
273 2691 479 2773 ἐθέλοιμι·
500 2685 711 2773 Ἀρίσταρχος
731 2689 929 2774 ἐθέλωμι.
952 2693 995 2758 Α.

177 2798 249 2860 399.
278 2792 473 2878 γήμαντι·
507 2787 615 2872 οὕτως
634 2789 842 2879 Ἀρίσταρχος
860 2790 944 2859 κατά
965 2794 1120 2880 δοτικήν,
1141 2790 1203 2861 ἀλ-

118 2920 144 2962 ιι
163 2891 202 2961 δέ
220 2893 418 2979 γήμαντα.
438 2896 481 2960 A.

176 3000 249 3062 491.
275 2990 323 3061 οὗ
345 2993 421 3080 γάρ
443 2997 536 3081 ἐμοὶ
554 3000 700 3081 ψυχῆς·
730 2995 842 3074 ένίους
863 2997 968 3080 φησὶν
990 2991 1008 3062 ὁ
1031 2992 1203 3082 Ἀρίσταρ-

118 3119 154 3174 ος
170 3093 314 3181 γράφειν
335 3092 384 3162 οὐ
406 3092 482 3181 γὰρ
501 3095 518 3162 έ
523 3103 574 3182 μῆ
581 3124 598 3176 ς
618 3101 773 3182 ψυχῆς·
796 3092 991 3178 ἀλαζονικὸς
1004 3100 1041 3164 δὲ
1057 3095 1080 3165 δ’
1091 3097 1201 3185 λόγος,

118 3194 195 3264 bosv
219 3203 277 3282 τῆς
302 3199 382 3283 ἐμῆς
403 3203 512 3283 ψυχῆς
542 3195 645 3278 ἀξιον.
687 3194 831 3283 ἄμεινον
854 3201 946 3285 ἐμοί
965 3200 1120 3287 γράφειν.
1159 3203 1201 3267 Α.

118 3301 167 3367 id.
187 3301 398 3368 Friedloond.
421 3301 567 3367 Ariston.
590 3327 622 3389 p.
647 3304 718 3366 163.

176 3406 247 3468 416.
270 3395 395 3480 άλλως·
420 3397 499 3469 οὐδὲ
520 3401 610 3487 καρά
632 3401 811 3492 Ζηνοδότφ
834 3405 981 3489 ἐφέρετο.
1013 3407 1055 3470 A.

175 3507 248 3569 446.
270 3500 467 3590 ἡβώοντα
486 3504 594 3584 οὕτως
614 3501 671 3571 διά
692 3510 754 3570 τοῦ
775 3531 801 3572 ω
823 3506 877 3572 καλ
893 3531 911 3572 ο
927 3509 963 3572 αἱ
976 3500 1201 3591 Ἀριστάρχου.

118 3655 131 3672 ,.
154 3606 284 3672 Deinde
305 3607 522 3673 Aiistonious.

175 3710 247 3788 455.
269 3701 378 3784 οὕτως
398 3703 455 3774 διὰ
476 3711 538 3772 τοῦ
559 3730 574 3772 ε
597 3707 864 3792 ἐφέσσεσθαι.
887 3709 930 3774 Α.

168 3807 249 3874 464.
274 3804 496 3886 Διονύσιοςὸ
521 3811 611 3898 Θρᾷξ
639 3809 677 3875 έν
703 3813 751 3899 τῷ
779 3806 864 3894 πρὸς
882 3811 1039 3896 Κράτητα
1064 3810 1121 3878 διὰ
1145 3817 1204 3897 τῆς

118 3911 312 3996 ειτοδρομίας
336 3908 419 3996 φησὶ
453 3910 687 3995 γεγραμμένου
720 3906 974 3989 ἀντιόωντες
1006 3919 1203 3998 μεταδελναι

118 4003 150 4073 ἰν
168 4005 382 4096 Ἀρίσταρχον
399 4005 527 4096 ἀμφίς
547 4008 700 4090 έόντες.
716 4014 770 4078 Α.

171 4115 245 4178 472.
270 4108 338 4178 ὑπ’
361 4109 560 4198 αίδοάσχ·
593 4110 650 4180 διά
675 4118 733 4200 τῆς
765 4115 808 4181 έν
835 4118 1029 4199 προθέσεως
1062 4115 1111 4179 έν
1137 4117 1203 4180 αί-

118 4209 225 4300 οάσῃ
252 4215 289 4280 αί
309 4212 540 4299 Ἀριστάρχου·
573 4215 713 4305 συνᾴδει
742 4216 797 4281 καλ
823 4213 861 4281 τὸ
885 4214 957 4298 ἑξῆς
979 4209 1073 4280 εἀλλο
1094 4209 1128 4279 δ’
1151 4215 1203 4280 ίνλ

118 4313 268 4404 οὔοῖον·
303 4316 346 4382 Α·
897 4390 904 4404 .
982 4345 983 4350 ‘
