2812 4868
219 329 260 394 et

218 496 377 562 asseclam
395 517 481 560 nune
496 495 731 572 adversarium.
752 495 872 580 [Schol.
886 499 1007 590 Vespp.
1025 505 1261 573 1402100120εο
1282 532 1331 574 re-

219 599 318 685 spieit
344 597 424 662 Hes.
456 599 649 681 Σιμωνίδης
675 594 749 675 υίὸς
774 603 1013 687 deessemus]
1058 607 1141 692 Arg.
1170 609 1229 674 Ar.
1253 610 1330 676 Pae.

219 700 282 764 huc
304 722 370 764 non
390 699 487 782 feeit,
510 699 569 763 sed
591 699 692 764 schol.
716 700 793 765 Pae.
817 706 875 766 701
898 702 987 769 dev.
1015 701 1206 790 ὡρακιάσας
1234 732 1332 798 supra

217 804 251 866 iu
278 815 348 868 'rem
376 811 521 868 nostram
543 803 773 868 convertimus.
818 802 926 870 Schol.
946 808 1005 872 Ar.
1029 810 1094 874 Av.
1119 813 1178 874 122
1199 844 1243 872 a:
1264 813 1329 877 vol.
1367 819 1368 824 ’

217 905 270 968 111
292 929 324 992 p.
351 910 410 969 157
429 904 546 969 ninus.
581 903 715 988 (nemu.
736 890 901 972 urstosn.
922 931 954 996 p.
972 912 1033 973 222
1056 912 1168 996 xxv)
1200 911 1330 978 Σισι-

217 1031 312 1089 ραν.·
351 1009 506 1089 Σίσνρνα
535 1006 590 1071 καί
612 1002 735 1091 σισύρα
756 1007 812 1070 καὶ
836 1010 931 1084 σίσνς
953 1010 1165 1093 διαφέρουσι.
1205 1007 1330 1096 σισύρα

217 1107 279 1193 μὲν
304 1106 369 1193 γάρ
399 1109 467 1173 ἐστι
497 1104 535 1173 τὸ
565 1107 598 1186 ἐξ
624 1110 760 1192 αηιείων
778 1107 1023 1210 δερμάτωνςέτι
1041 1108 1099 1190 τοὶς
1120 1118 1232 1198 τρίχας
1253 1117 1330 1198 έχον

216 1213 427 1292 σκέπαστρον
456 1211 641 1296 (σκέπασμα
665 1211 740 1294 V.),
770 1205 832 1294 τὴν
853 1209 892 1276 δὲ
919 1215 1085 1296 σίσνρναν
1105 1216 1141 1280 oi
1159 1211 1245 1280 κατὰ
1267 1223 1329 1282 Λι-

217 1311 306 1399 βύην
327 1313 485 1396 λέγουσιν
512 1309 549 1376 td
576 1312 613 1376 ἐκ
633 1315 702 1376 των
724 1314 857 1378 κωδίων
878 1312 1091 1398 ῥιπτόμενον
1111 1311 1327 1400 άμπεχόνιον.

214 1421 312 1493 σίσνς
339 1414 379 1481 δέ
401 1414 469 1479 ἐστι
501 1408 589 1498 παχύ
618 1411 751 1497 ἱμάτιον
771 1415 826 1480 καὶ
849 1410 997 1502 εὐτελές,
1028 1415 1114 1502 πρὸς
1136 1418 1173 1484 δὲ
1196 1420 1328 1504 καλμι-

215 1517 317 1602 κράν,
347 1514 536 1600 ἐπιτήδειον
566 1520 612 1594 είς
633 1517 671 1580 ἓν
693 1512 859 1584 ἅπτεσθαι
881 1508 955 1582 οἷον
973 1518 1158 1603 έξωμίδιον.
1191 1520 1327 1605 [σισύρα

213 1625 349 1706 χλαίνης
374 1615 461 1696 εἶδος
484 1614 642 1698 εύτελούς
665 1611 740 1714 οἷον
765 1614 924 1698 ἁπλοΐδας
947 1613 968 1703 ἢ
988 1621 1147 1705 ἐξωμίδος
1167 1617 1189 1708 ἢ
1211 1623 1327 1691 τοιού·

213 1717 275 1787 τον
297 1718 401 1799 τινός.
442 1714 684 1806 Ἀριστοφάνης
707 1721 745 1786 έν
765 1721 949 1804 Νεφέλαις·
991 1720 1028 1786 ἐν
1050 1721 1149 1788 πέντε
1172 1724 1326 1810 σισύραις

214 1824 267 1907 V.]
292 1817 309 1889 ὁ
333 1821 371 1889 δὲ
391 1817 642 1908 Ἐρατοσθένης,
665 1819 710 1901 ὥς
730 1824 799 1888 ἐστι
821 1825 928 1907 βαίτη.
952 1820 1164 1907 καθάπερ·τό
1180 1828 1325 1911 δένδρον

213 1923 249 1990 τό
279 1919 362 1990 αύτό
388 1925 443 1990 καί
474 1921 664 2010 άνδραχνον
695 1925 751 1990 καί
777 1919 969 2008 άνδρύχνην
997 1930 1186 2013 καλοῦμεν,
1217 1925 1325 2006 οὕτως

212 2023 320 2119 φὀντο
351 2025 496 2112 σισύραν
522 2028 577 2094 καί
607 2031 706 2092 σίσνν
734 2025 788 2091 ἐπὶ
811 2029 873 2090 τοῦ
896 2022 1004 2092 αύτού
1026 2027 1240 2115 ἐκδέχεσθαι,
1270 2030 1325 2096 καί

213 2134 330 2214 τρίτην
364 2129 658 2216 προςλαμβάνονσι
689 2125 855 2213 σισύρνην
883 2129 918 2192 οί
944 2123 1028 2194 κατὰ
1055 2129 1189 2216 Λιβύην
1217 2129 1256 2200 vd
1288 2135 1323 2198 ἐκ

212 2237 281 2296 τῶν
313 2235 446 2298 κωδίων
468 2229 505 2296 τδ
529 2225 734 2314 άμπεχόνιον
758 2228 981 2314 καλούμενον.
1006 2232 1074 2315 [καὶ
1094 2227 1156 2315 τὴν
1177 2233 1323 2317 σισύραν

213 2339 331 2420 βαίτην
352 2330 525 2418 ὑπέλαβον
548 2327 633 2397 είναι
654 2331 750 2409 τινές.
772 2327 809 2397 τὸ
833 2327 871 2396 δέ
893 2327 957 2397 ούκ
976 2333 1068 2398 ἐστιν
1082 2330 1218 2418 άληθές,
1240 2331 1324 2402 ἀλλὰ

211 2441 346 2520 χλαίνης
366 2431 454 2513 είδος
474 2429 632 2510 εὐτελοῦς
654 2424 728 2496 οἷον
750 2432 892 2516 ἐξωμίδα
914 2427 934 2516 ἢ
957 2436 1114 2500 διπλοΐδα
1129 2428 1150 2518 ἢ
1166 2434 1323 2522 τοιοῦτόν

210 2562 253 2604 τι.
276 2533 384 2615 οὕτως
406 2538 443 2602 έν
466 2541 511 2625 τῷ
534 2538 663 2622 λεξικῷ.
682 2535 736 2618 V.1
1207 2567 1208 2570 =

182 2643 186 2654 '
317 2641 357 2704 In
375 2639 489 2706 scholi,
504 2639 594 2724 vulg.
626 2632 866 2720 Ἐρατοσθένης
888 2637 927 2702 δέ
947 2655 1068 2722 φησιν,
1091 2633 1142 2703 ὅτι
1166 2637 1321 2726 καθάπερ

251 2744 385 2829 legitur,
412 2743 519 2806 minus
547 2747 646 2804 reete.
691 2739 755 2804 Pro
783 2737 977 2821 ἐκδέχεσθαι
998 2739 1169 2824 legebatur
1190 2743 1322 2826 μετέχε-

252 2853 355 2928 σθαι,Ι
368 2844 455 2931 quod
475 2841 605 2922 Bernh.
619 2841 765 2907 mutabat
786 2842 821 2905 in
843 2835 1006 2926 ὀνόματος
1028 2841 1196 2924 λέγεσθαι.
1228 2845 1320 2910 Idem

252 2954 325 3032 post
346 2948 478 3011 κωδίων
497 2940 534 3009 τὸ
552 2944 637 3018 001δίΙ
651 2944 747 3007 iussit
763 2940 974 3026 ραπτόμενον
990 2951 1022 3007 et
1035 2966 1093 3030 pre
1109 2943 1321 3029 καλούμενον

226 3049 390 3112 tentavit
429 3044 652 3130 καλουμένην.
708 3045 761 3108 De
802 3039 979 3134 άνδράχνφ
1017 3047 1085 3110 vid.
1128 3045 1318 3114 Schneider.

251 3150 414 3236 Theophr.
434 3150 465 3214 V
480 3173 512 3237 p.
529 3152 601 3213 311.
645 3147 762 3234 Aperit
783 3147 1010 3212 Eratosthenis
1032 3150 1229 3213 sententiam
1248 3151 1318 3216 οοδ.

180 3255 181 3259 ’
251 3251 387 3317 Taurin.
411 3254 525 3315 n.179
553 3249 689 3313 101270
717 3257 849 3314 auctore
868 3250 986 3314 Amad.
1009 3249 1159 3337 Peyrone
1180 3260 1256 3338 post
1278 3260 1318 3317 et.

251 3353 339 3420 (iud.
362 3378 394 3442 p.
415 3357 494 3418 1030
515 3345 755 3435 Ἐρατοσθένης
775 3349 857 3433 φησὶ
878 3347 1023 3436 σισύραν
1045 3348 1265 3436 στεμάστριον
1286 3353 1317 3432 ἐξ

250 3459 386 3540 αίχείων
408 3451 583 3539 δερμάτων
602 3454 869 3538 τετριχωμένων,
890 3457 1054 3540 σίσνρναν
1076 3449 1114 3520 δὲ
1134 3450 1172 3519 τὸ
1190 3457 1228 3520 έκ
1251 3480 1320 3522 κω-

250 3562 332 3624 δίων
366 3560 426 3643 (εἰο
452 3582 511 3646 pro
538 3557 664 3626 κοδίων
694 3555 815 3642 Coray)
855 3554 1067 3642 ῥαπτόμενον
1099 3550 1316 3640 άμπεχόνιον.

249 3661 397 3742 Quocum
430 3659 648 3726 conferendus
681 3660 822 3746 denique
855 3659 955 3724 schol.
988 3658 1073 3723 Plat.
1106 3683 1138 3747 p.
1168 3663 1231 3724 250
1266 3662 1317 3726 ed.

120 3827 128 3832 ,
248 3764 382 3828 Ruhnk.
413 3767 487 3847 (466
516 3763 639 3846 Bekk.)
670 3759 878 3844 Σισύρανε
904 3756 1145 3844 ’Ἐρατοσθένης
1173 3760 1319 3845 σισύραν

248 3863 331 3950 φησὶ
349 3863 568 3949 στεγάστριον
588 3863 621 3941 ἐξ
643 3865 779 3947 αίχείων
796 3859 972 3945 δερμάτων
987 3864 1241 3946 τετριχωμένον,
1265 3865 1318 3928 σί-

248 3984 379 4051 σνρναν
408 3963 445 4031 δὲ
475 3963 512 4030 τό
546 3967 583 4032 ἐκ
611 3970 681 4031 τῶν
710 3967 843 4031 κωδίων
871 3962 1082 4050 ῥαπτόμενον
1110 3959 1317 4048 άμπεχόνιον

248 4063 280 4152 [δ
301 4065 452 4152 χούνναν
475 4067 579 4151 φασὶν
607 4069 726 4132 Zonar.
750 4067 785 4130 ΙΙ
807 4091 835 4132 ο.
862 4071 941 4131 1645
964 4067 1076 4132 Tium.
1098 4067 1188 4130 Bast.
1213 4067 1316 4152 (ἔτος.

170 4216 173 4220 -
247 4172 321 4236 Cor.
348 4195 380 4258 p.
409 4174 472 4235 540
506 4170 673 4258 Moschop.
701 4193 734 4234 π.
765 4171 853 4252 σχεδ.
886 4168 1111 4253 Lindenbrog.
1142 4169 1185 4249 ad
1207 4170 1314 4232 Amm.

245 4273 347 4338 Mare.
371 4272 467 4338 Obss.
490 4297 522 4358 p.
544 4274 608 4353 48].
653 4270 767 4357 Neque
793 4292 871 4336 vero
903 4270 1042 4346 dissidet
1070 4270 1260 4355 Hesychius
1282 4270 1317 4333 II
