<?xml version="1.0" encoding="UTF-8"?>
<!DOCTYPE html PUBLIC "-//W3C//DTD XHTML 1.0 Transitional//EN"
    "http://www.w3.org/TR/xhtml1/DTD/xhtml1-transitional.dtd">
<html xmlns="http://www.w3.org/1999/xhtml" xml:lang="en" lang="en">
 <head>
  <title>
</title>
<meta http-equiv="Content-Type" content="text/html;charset=utf-8" />
  <meta name='ocr-system' content='tesseract 3.04.00' />
  <meta name='ocr-capabilities' content='ocr_page ocr_carea ocr_par ocr_line ocrx_word'/>
</head>
<body>
  <div class='ocr_page' id='page_1' title='image "./didymichalcente01schmgoog_0177.png"; bbox 0 0 2752 4890; ppageno 0'>
   <div class='ocr_carea' id='block_1_1' title="bbox 135 374 789 434">
    <p class='ocr_par' dir='ltr' id='par_1_1' title="bbox 135 374 789 434">
     <span class='ocr_line' id='line_1_1' title="bbox 135 374 789 434; baseline 0 0"><span class='ocrx_word' id='word_1_1' title='bbox 135 374 194 434; x_wconf 88' lang='grc'><strong><em>160</em></strong></span> <span class='ocrx_word' id='word_1_2' title='bbox 588 375 789 434; x_wconf 80' lang='grc' dir='ltr'><strong><em>-Π-</em></strong></span> 
     </span>
    </p>
   </div>
   <div class='ocr_carea' id='block_1_2' title="bbox 91 531 1285 4403">
    <p class='ocr_par' dir='ltr' id='par_1_2' title="bbox 133 531 1245 728">
     <span class='ocr_line' id='line_1_2' title="bbox 215 531 1245 626; baseline 0.008 -27"><span class='ocrx_word' id='word_1_3' title='bbox 215 541 288 600; x_wconf 88' lang='grc'><strong><em>445.</em></strong></span> <span class='ocrx_word' id='word_1_4' title='bbox 313 531 426 614; x_wconf 84' lang='grc' dir='ltr'><strong><em>αὐτοις</em></strong></span> <span class='ocrx_word' id='word_1_5' title='bbox 448 539 518 616; x_wconf 75' lang='grc' dir='ltr'><strong><em>ζῶν</em></strong></span> <span class='ocrx_word' id='word_1_6' title='bbox 541 538 578 603; x_wconf 87' lang='grc' dir='ltr'><strong><em>αί</em></strong></span> <span class='ocrx_word' id='word_1_7' title='bbox 593 531 827 624; x_wconf 76' lang='grc' dir='ltr'><strong><em>Ἀριστάρχου,</em></strong></span> <span class='ocrx_word' id='word_1_8' title='bbox 852 534 911 604; x_wconf 81' lang='grc' dir='ltr'><strong><em>ἀπ’</em></strong></span> <span class='ocrx_word' id='word_1_9' title='bbox 935 533 1071 618; x_wconf 75' lang='grc' dir='ltr'><strong><em>εὐθείας</em></strong></span> <span class='ocrx_word' id='word_1_10' title='bbox 1090 546 1150 626; x_wconf 86' lang='grc' dir='ltr'><strong><em>τής</em></strong></span> <span class='ocrx_word' id='word_1_11' title='bbox 1171 545 1245 626; x_wconf 74' lang='grc' dir='ltr'><strong><em>ζοίς,</em></strong></span> 
     </span>
     <span class='ocr_line' id='line_1_3' title="bbox 133 631 1076 728; baseline 0.003 -23"><span class='ocrx_word' id='word_1_12' title='bbox 133 636 193 706; x_wconf 87' lang='grc' dir='ltr'><strong><em>τόν</em></strong></span> <span class='ocrx_word' id='word_1_13' title='bbox 215 642 296 718; x_wconf 71' lang='grc' dir='ltr'><strong><em>ζεῖν</em></strong></span> <span class='ocrx_word' id='word_1_14' title='bbox 320 631 362 724; x_wconf 66' lang='grc' dir='ltr'><strong><em>’ή</em></strong></span> <span class='ocrx_word' id='word_1_15' title='bbox 385 663 422 705; x_wconf 90' lang='grc' dir='ltr'><strong><em>ιιε</em></strong></span> <span class='ocrx_word' id='word_1_16' title='bbox 446 643 507 719; x_wconf 72' lang='grc' dir='ltr'><strong><em>ζοδς</em></strong></span> <span class='ocrx_word' id='word_1_17' title='bbox 528 634 693 724; x_wconf 81' lang='grc' dir='ltr'><strong><em>ἀμενηνὸς</em></strong></span> <span class='ocrx_word' id='word_1_18' title='bbox 715 643 769 704; x_wconf 73' lang='grc' dir='ltr'><strong><em>λα’</em></strong></span> <span class='ocrx_word' id='word_1_19' title='bbox 792 641 846 728; x_wconf 79' lang='lat' dir='ltr'><strong>(Il.</strong></span> <span class='ocrx_word' id='word_1_20' title='bbox 872 647 903 708; x_wconf 83' lang='grc' dir='ltr'><em>Ε</em></span> <span class='ocrx_word' id='word_1_21' title='bbox 923 644 1010 726; x_wconf 87' lang='lat'>887).</span> <span class='ocrx_word' id='word_1_22' title='bbox 1033 643 1076 708; x_wconf 98' lang='lat' dir='ltr'><strong>A.</strong></span> 
     </span>
    </p>

    <p class='ocr_par' dir='ltr' id='par_1_3' title="bbox 214 737 1245 828">
     <span class='ocr_line' id='line_1_4' title="bbox 214 737 1245 828; baseline 0.002 -22"><span class='ocrx_word' id='word_1_23' title='bbox 214 746 287 806; x_wconf 87' lang='lat'><strong><em>450.</em></strong></span> <span class='ocrx_word' id='word_1_24' title='bbox 307 737 517 826; x_wconf 73' lang='grc' dir='ltr'><strong><em>Ἀρίσταρχος</em></strong></span> <span class='ocrx_word' id='word_1_25' title='bbox 534 745 656 827; x_wconf 89' lang='grc' dir='ltr'><strong><em>φίλος</em></strong></span> <span class='ocrx_word' id='word_1_26' title='bbox 672 742 777 827; x_wconf 84' lang='grc' dir='ltr'><strong><em>ἐστί,</em></strong></span> <span class='ocrx_word' id='word_1_27' title='bbox 797 739 891 810; x_wconf 86' lang='grc' dir='ltr'><strong><em>άλλοι</em></strong></span> <span class='ocrx_word' id='word_1_28' title='bbox 907 741 1085 828; x_wconf 72' lang='grc' dir='ltr'><strong><em>δὲφίλον</em></strong></span> <span class='ocrx_word' id='word_1_29' title='bbox 1098 745 1194 810; x_wconf 84' lang='grc' dir='ltr'><strong><em>ἐστί.</em></strong></span> <span class='ocrx_word' id='word_1_30' title='bbox 1204 744 1245 810; x_wconf 92' lang='lat' dir='ltr'><strong>A.</strong></span> 
     </span>
    </p>

    <p class='ocr_par' dir='ltr' id='par_1_4' title="bbox 91 837 1285 1830">
     <span class='ocr_line' id='line_1_5' title="bbox 218 837 1246 932; baseline -0.001 -20"><span class='ocrx_word' id='word_1_31' title='bbox 218 851 291 912; x_wconf 89' lang='grc'><strong><em>467.</em></strong></span> <span class='ocrx_word' id='word_1_32' title='bbox 319 846 414 910; x_wconf 80' lang='grc' dir='ltr'><strong><em>δοκεῖ</em></strong></span> <span class='ocrx_word' id='word_1_33' title='bbox 433 841 488 910; x_wconf 86' lang='grc' dir='ltr'><strong><em>διά</em></strong></span> <span class='ocrx_word' id='word_1_34' title='bbox 509 840 640 910; x_wconf 84' lang='grc' dir='ltr'><strong><em>τούτων</em></strong></span> <span class='ocrx_word' id='word_1_35' title='bbox 662 852 860 929; x_wconf 74' lang='grc' dir='ltr'><strong><em>συγχεῖσθαι</em></strong></span> <span class='ocrx_word' id='word_1_36' title='bbox 883 840 903 930; x_wconf 89' lang='grc' dir='ltr'><strong><em>ή</em></strong></span> <span class='ocrx_word' id='word_1_37' title='bbox 927 837 1074 930; x_wconf 85' lang='grc' dir='ltr'><strong><em>διαφορά</em></strong></span> <span class='ocrx_word' id='word_1_38' title='bbox 1097 852 1161 913; x_wconf 82' lang='grc' dir='ltr'><strong><em>τοῦ</em></strong></span> <span class='ocrx_word' id='word_1_39' title='bbox 1183 853 1246 932; x_wconf 92' lang='grc' dir='ltr'><strong><em>βα-</em></strong></span> 
     </span>
     <span class='ocr_line' id='line_1_6' title="bbox 134 941 1247 1035; baseline -0.001 -19"><span class='ocrx_word' id='word_1_40' title='bbox 134 957 206 1016; x_wconf 79' lang='grc' dir='ltr'><strong><em>λεῖν</em></strong></span> <span class='ocrx_word' id='word_1_41' title='bbox 228 948 282 1014; x_wconf 79' lang='grc' dir='ltr'><strong><em>καὶ</em></strong></span> <span class='ocrx_word' id='word_1_42' title='bbox 305 941 462 1012; x_wconf 79' lang='grc' dir='ltr'><strong><em>οὐτάσαι·</em></strong></span> <span class='ocrx_word' id='word_1_43' title='bbox 496 946 655 1032; x_wconf 79' lang='grc' dir='ltr'><strong><em>βέβληται</em></strong></span> <span class='ocrx_word' id='word_1_44' title='bbox 687 943 750 1031; x_wconf 76' lang='grc' dir='ltr'><strong><em>γάρ</em></strong></span> <span class='ocrx_word' id='word_1_45' title='bbox 776 943 794 1013; x_wconf 92' lang='grc' dir='ltr'><strong><em>ό</em></strong></span> <span class='ocrx_word' id='word_1_46' title='bbox 823 947 990 1032; x_wconf 90' lang='grc' dir='ltr'><strong><em>Πήδασος.</em></strong></span> <span class='ocrx_word' id='word_1_47' title='bbox 1034 949 1089 1014; x_wconf 78' lang='grc' dir='ltr'><strong><em>καὶ</em></strong></span> <span class='ocrx_word' id='word_1_48' title='bbox 1119 947 1247 1035; x_wconf 89' lang='grc' dir='ltr'><strong><em>μήποτε</em></strong></span> 
     </span>
     <span class='ocr_line' id='line_1_7' title="bbox 134 1037 1246 1136; baseline -0.001 -20"><span class='ocrx_word' id='word_1_49' title='bbox 134 1048 248 1136; x_wconf 85' lang='grc' dir='ltr'><strong><em>γραφή</em></strong></span> <span class='ocrx_word' id='word_1_50' title='bbox 270 1073 320 1127; x_wconf 92' lang='grc' dir='ltr'><strong><em>τις</em></strong></span> <span class='ocrx_word' id='word_1_51' title='bbox 341 1047 490 1132; x_wconf 69' lang='grc' dir='ltr'><strong><em>ἐφέρετο,</em></strong></span> <span class='ocrx_word' id='word_1_52' title='bbox 514 1043 561 1114; x_wconf 89' lang='grc' dir='ltr'><strong><em>δι’</em></strong></span> <span class='ocrx_word' id='word_1_53' title='bbox 587 1037 626 1132; x_wconf 86' lang='grc' dir='ltr'><strong><em>ής</em></strong></span> <span class='ocrx_word' id='word_1_54' title='bbox 647 1045 685 1113; x_wconf 87' lang='grc' dir='ltr'><strong><em>τό</em></strong></span> <span class='ocrx_word' id='word_1_55' title='bbox 705 1053 764 1132; x_wconf 84' lang='grc' dir='ltr'><strong><em>τῆς</em></strong></span> <span class='ocrx_word' id='word_1_56' title='bbox 785 1048 903 1128; x_wconf 85' lang='grc' dir='ltr'><strong><em>λέξεως</em></strong></span> <span class='ocrx_word' id='word_1_57' title='bbox 925 1047 1074 1134; x_wconf 84' lang='grc' dir='ltr'><strong><em>σύνηθες</em></strong></span> <span class='ocrx_word' id='word_1_58' title='bbox 1096 1048 1246 1134; x_wconf 81' lang='grc' dir='ltr'><strong><em>ἐφύλασ-</em></strong></span> 
     </span>
     <span class='ocr_line' id='line_1_8' title="bbox 134 1143 1265 1238; baseline -0.001 -19"><span class='ocrx_word' id='word_1_59' title='bbox 134 1175 193 1219; x_wconf 90' lang='grc' dir='ltr'><strong><em>σεν</em></strong></span> <span class='ocrx_word' id='word_1_60' title='bbox 209 1148 373 1237; x_wconf 84' lang='grc' dir='ltr'><strong><em>Ὅμηρος·</em></strong></span> <span class='ocrx_word' id='word_1_61' title='bbox 397 1146 439 1217; x_wconf 91' lang='grc' dir='ltr'><strong><em>οὐ</em></strong></span> <span class='ocrx_word' id='word_1_62' title='bbox 460 1147 525 1236; x_wconf 80' lang='grc' dir='ltr'><strong><em>γάρ</em></strong></span> <span class='ocrx_word' id='word_1_63' title='bbox 548 1143 591 1216; x_wconf 84' lang='grc' dir='ltr'><strong><em>άν</em></strong></span> <span class='ocrx_word' id='word_1_64' title='bbox 616 1146 698 1217; x_wconf 86' lang='grc' dir='ltr'><strong><em>αὐτό</em></strong></span> <span class='ocrx_word' id='word_1_65' title='bbox 712 1145 980 1236; x_wconf 78' lang='grc' dir='ltr'><strong><em>ἀπαραμύθητον</em></strong></span> <span class='ocrx_word' id='word_1_66' title='bbox 1001 1147 1265 1238; x_wconf 85' lang='grc' dir='ltr'><strong><em>όἈρίσταρχος·</em></strong></span> 
     </span>
     <span class='ocr_line' id='line_1_9' title="bbox 134 1248 1285 1374; baseline 0 -54"><span class='ocrx_word' id='word_1_67' title='bbox 134 1251 275 1340; x_wconf 86' lang='grc' dir='ltr'><strong><em>άφήιιεν.</em></strong></span> <span class='ocrx_word' id='word_1_68' title='bbox 298 1254 335 1318; x_wconf 78' lang='grc' dir='ltr'><strong><em>ἐν</em></strong></span> <span class='ocrx_word' id='word_1_69' title='bbox 358 1257 476 1318; x_wconf 85' lang='grc' dir='ltr'><strong><em>τοίνυν</em></strong></span> <span class='ocrx_word' id='word_1_70' title='bbox 494 1256 535 1340; x_wconf 79' lang='grc' dir='ltr'><strong><em>τῇ</em></strong></span> <span class='ocrx_word' id='word_1_71' title='bbox 555 1251 747 1338; x_wconf 80' lang='grc' dir='ltr'><strong><em>Φιλήμονος</em></strong></span> <span class='ocrx_word' id='word_1_72' title='bbox 770 1249 878 1374; x_wconf 77' lang='grc' dir='ltr'><strong><em>ρύτφς</em></strong></span> <span class='ocrx_word' id='word_1_73' title='bbox 898 1254 1035 1340; x_wconf 80' lang='grc' dir='ltr'><strong><em>ἐφέρετο</em></strong></span> <span class='ocrx_word' id='word_1_74' title='bbox 1054 1248 1091 1320; x_wconf 61' lang='grc' dir='ltr'><strong><em>’ό</em></strong></span> <span class='ocrx_word' id='word_1_75' title='bbox 1110 1253 1148 1320; x_wconf 78' lang='grc' dir='ltr'><strong><em>δὲ</em></strong></span> <span class='ocrx_word' id='word_1_76' title='bbox 1160 1252 1246 1338; x_wconf 91' lang='grc' dir='ltr'><strong><em>Πή-</em></strong></span> <span class='ocrx_word' id='word_1_77' title='bbox 1283 1335 1285 1342; x_wconf 28' lang='grc' dir='ltr'>Ι</span> 
     </span>
     <span class='ocr_line' id='line_1_10' title="bbox 134 1351 1244 1442; baseline -0.002 -19"><span class='ocrx_word' id='word_1_78' title='bbox 134 1361 266 1425; x_wconf 87' lang='grc' dir='ltr'><strong><em>δασον</em></strong></span> <span class='ocrx_word' id='word_1_79' title='bbox 285 1351 621 1441; x_wconf 77' lang='grc' dir='ltr'><strong><em>ήλασεν”ιππον’.</em></strong></span> <span class='ocrx_word' id='word_1_80' title='bbox 656 1351 807 1440; x_wconf 79' lang='grc' dir='ltr'><strong><em>ἔστιγὰρ</em></strong></span> <span class='ocrx_word' id='word_1_81' title='bbox 830 1351 885 1421; x_wconf 83' lang='grc' dir='ltr'><strong><em>ὅτε</em></strong></span> <span class='ocrx_word' id='word_1_82' title='bbox 908 1355 962 1422; x_wconf 83' lang='grc' dir='ltr'><strong><em>ἐπὶ</em></strong></span> <span class='ocrx_word' id='word_1_83' title='bbox 981 1380 1039 1441; x_wconf 91' lang='grc' dir='ltr'><strong><em>της</em></strong></span> <span class='ocrx_word' id='word_1_84' title='bbox 1057 1362 1188 1442; x_wconf 80' lang='grc' dir='ltr'><strong><em>πληγῆς</em></strong></span> <span class='ocrx_word' id='word_1_85' title='bbox 1209 1353 1244 1421; x_wconf 91' lang='grc' dir='ltr'>τό</span> 
     </span>
     <span class='ocr_line' id='line_1_11' title="bbox 133 1451 1246 1547; baseline -0.002 -23"><span class='ocrx_word' id='word_1_86' title='bbox 133 1456 258 1544; x_wconf 90' lang='grc' dir='ltr'><strong><em>ήλασεν</em></strong></span> <span class='ocrx_word' id='word_1_87' title='bbox 282 1469 403 1541; x_wconf 78' lang='grc' dir='ltr'><strong><em>κεῖται,</em></strong></span> <span class='ocrx_word' id='word_1_88' title='bbox 433 1451 478 1534; x_wconf 78' lang='grc' dir='ltr'><strong><em>ὡς</em></strong></span> <span class='ocrx_word' id='word_1_89' title='bbox 501 1455 553 1522; x_wconf 79' lang='grc' dir='ltr'><strong><em>ἐπὶ</em></strong></span> <span class='ocrx_word' id='word_1_90' title='bbox 576 1462 637 1522; x_wconf 85' lang='grc' dir='ltr'><strong><em>τοῦ</em></strong></span> <span class='ocrx_word' id='word_1_91' title='bbox 658 1451 798 1541; x_wconf 85' lang='grc' dir='ltr'><strong><em>Ἀρήιον</em></strong></span> <span class='ocrx_word' id='word_1_92' title='bbox 823 1457 877 1545; x_wconf 88' lang='lat' dir='ltr'><strong>(Il.</strong></span> <span class='ocrx_word' id='word_1_93' title='bbox 901 1463 931 1523; x_wconf 95' lang='lat' dir='ltr'><strong><em>P</em></strong></span> <span class='ocrx_word' id='word_1_94' title='bbox 949 1460 1025 1547; x_wconf 83' lang='grc'><strong><em>517)</em></strong></span> <span class='ocrx_word' id='word_1_95' title='bbox 1047 1459 1121 1524; x_wconf 81' lang='grc' dir='ltr'><strong><em>καὶ</em></strong></span> <span class='ocrx_word' id='word_1_96' title='bbox 1144 1456 1246 1544; x_wconf 80' lang='grc' dir='ltr'><strong><em>βάλεν</em></strong></span> 
     </span>
     <span class='ocr_line' id='line_1_12' title="bbox 131 1555 1245 1646; baseline 0 -20"><span class='ocrx_word' id='word_1_97' title='bbox 131 1557 301 1646; x_wconf 88' lang='grc' dir='ltr'><strong><em>Ἀρήτοιο’</em></strong></span> <span class='ocrx_word' id='word_1_98' title='bbox 325 1555 421 1625; x_wconf 85' lang='grc' dir='ltr'><strong><em>είτα</em></strong></span> <span class='ocrx_word' id='word_1_99' title='bbox 431 1555 613 1646; x_wconf 90' lang='grc' dir='ltr'><strong><em>νειαίρηδ’</em></strong></span> <span class='ocrx_word' id='word_1_100' title='bbox 635 1559 672 1624; x_wconf 83' lang='grc' dir='ltr'><strong><em>ἐν</em></strong></span> <span class='ocrx_word' id='word_1_101' title='bbox 690 1561 807 1644; x_wconf 79' lang='grc' dir='ltr'><strong><em>γαστρὶ</em></strong></span> <span class='ocrx_word' id='word_1_102' title='bbox 825 1556 880 1624; x_wconf 87' lang='grc' dir='ltr'><strong><em>διά</em></strong></span> <span class='ocrx_word' id='word_1_103' title='bbox 898 1563 1062 1644; x_wconf 78' lang='grc' dir='ltr'><strong><em>ζωστηρος</em></strong></span> <span class='ocrx_word' id='word_1_104' title='bbox 1076 1563 1245 1626; x_wconf 79' lang='grc' dir='ltr'><strong><em>ἔλασσεν</em></strong></span> 
     </span>
     <span class='ocr_line' id='line_1_13' title="bbox 91 1657 1244 1747; baseline 0 -19"><span class='ocrx_word' id='word_1_105' title='bbox 91 1663 92 1666; x_wconf 60' lang='grc'>’</span> <span class='ocrx_word' id='word_1_106' title='bbox 135 1659 190 1728; x_wconf 93' lang='grc' dir='ltr'><strong><em>δια</em></strong></span> <span class='ocrx_word' id='word_1_107' title='bbox 211 1664 324 1747; x_wconf 83' lang='grc' dir='ltr'><strong><em>μέντοι</em></strong></span> <span class='ocrx_word' id='word_1_108' title='bbox 346 1664 640 1747; x_wconf 81' lang='grc' dir='ltr'><strong><em>τουυχραπτεου</em></strong></span> <span class='ocrx_word' id='word_1_109' title='bbox 664 1657 1169 1747; x_wconf 85' lang='grc' dir='ltr'><strong><em>τοδευτερουορμηθεί</em></strong></span> <span class='ocrx_word' id='word_1_110' title='bbox 1204 1664 1244 1728; x_wconf 89' lang='grc' dir='ltr'><strong><em>Α.</em></strong></span> 
     </span>
     <span class='ocr_line' id='line_1_14' title="bbox 134 1764 382 1830; baseline -0.004 -1"><span class='ocrx_word' id='word_1_111' title='bbox 134 1765 324 1830; x_wconf 81' lang='lat' dir='ltr'><strong>Hariolatur</strong></span> <span class='ocrx_word' id='word_1_112' title='bbox 341 1764 382 1828; x_wconf 90' lang='lat' dir='ltr'><strong><em>V.</em></strong></span> 
     </span>
    </p>

    <p class='ocr_par' dir='ltr' id='par_1_5' title="bbox 137 1860 1271 2056">
     <span class='ocr_line' id='line_1_15' title="bbox 218 1860 1271 1951; baseline 0.004 -21"><span class='ocrx_word' id='word_1_113' title='bbox 218 1869 291 1930; x_wconf 79' lang='grc'><strong><em>488,</em></strong></span> <span class='ocrx_word' id='word_1_114' title='bbox 325 1861 380 1931; x_wconf 87' lang='grc' dir='ltr'><strong><em>διά</em></strong></span> <span class='ocrx_word' id='word_1_115' title='bbox 401 1869 462 1931; x_wconf 84' lang='grc' dir='ltr'><strong><em>τοῦ</em></strong></span> <span class='ocrx_word' id='word_1_116' title='bbox 483 1890 515 1951; x_wconf 96' lang='grc' dir='ltr'><strong><em>ν,</em></strong></span> <span class='ocrx_word' id='word_1_117' title='bbox 535 1865 578 1931; x_wconf 79' lang='grc' dir='ltr'><strong><em>ἐν</em></strong></span> <span class='ocrx_word' id='word_1_118' title='bbox 596 1863 885 1950; x_wconf 79' lang='grc' dir='ltr'><strong><em>εἰλιπόδεσσι,</em></strong></span> <span class='ocrx_word' id='word_1_119' title='bbox 905 1867 940 1930; x_wconf 90' lang='grc' dir='ltr'><strong><em>αί</em></strong></span> <span class='ocrx_word' id='word_1_120' title='bbox 955 1860 1180 1951; x_wconf 91' lang='grc' dir='ltr'><strong><em>Ἀριστάρχου.</em></strong></span> <span class='ocrx_word' id='word_1_121' title='bbox 1205 1868 1248 1944; x_wconf 87' lang='lat' dir='ltr'><strong>A.-</strong></span> <span class='ocrx_word' id='word_1_122' title='bbox 1268 1927 1271 1934; x_wconf 62' lang='grc'><strong><em>.</em></strong></span> 
     </span>
     <span class='ocr_line' id='line_1_16' title="bbox 137 1962 1244 2056; baseline -0.002 -24"><span class='ocrx_word' id='word_1_123' title='bbox 137 1965 314 2056; x_wconf 81' lang='grc' dir='ltr'><strong><em>[γράφεται</em></strong></span> <span class='ocrx_word' id='word_1_124' title='bbox 336 1962 396 2032; x_wconf 77' lang='grc' dir='ltr'><strong><em>ἐπ’</em></strong></span> <span class='ocrx_word' id='word_1_125' title='bbox 423 1964 704 2034; x_wconf 79' lang='grc' dir='ltr'><strong><em>εἰλιπόδεσσι·</em></strong></span> <span class='ocrx_word' id='word_1_126' title='bbox 728 1968 818 2033; x_wconf 78' lang='grc' dir='ltr'><strong><em>αἰδὲ</em></strong></span> <span class='ocrx_word' id='word_1_127' title='bbox 842 1973 976 2051; x_wconf 87' lang='grc' dir='ltr'><strong><em>πλείους</em></strong></span> <span class='ocrx_word' id='word_1_128' title='bbox 995 1963 1125 2033; x_wconf 85' lang='grc' dir='ltr'><strong><em>διάτού</em></strong></span> <span class='ocrx_word' id='word_1_129' title='bbox 1141 1991 1171 2032; x_wconf 90' lang='grc' dir='ltr'><strong><em>ν.</em></strong></span> <span class='ocrx_word' id='word_1_130' title='bbox 1194 1967 1244 2048; x_wconf 80' lang='lat' dir='ltr'><strong><em>V.]</em></strong></span> 
     </span>
    </p>

    <p class='ocr_par' dir='ltr' id='par_1_6' title="bbox 135 2064 1245 2257">
     <span class='ocr_line' id='line_1_17' title="bbox 218 2064 1245 2155; baseline 0.001 -22"><span class='ocrx_word' id='word_1_131' title='bbox 218 2075 290 2135; x_wconf 88' lang='grc'><strong><em>564.</em></strong></span> <span class='ocrx_word' id='word_1_132' title='bbox 312 2064 419 2148; x_wconf 77' lang='grc' dir='ltr'><strong><em>οὕτως</em></strong></span> <span class='ocrx_word' id='word_1_133' title='bbox 438 2064 648 2155; x_wconf 86' lang='grc' dir='ltr'><strong><em>Ἀρίσταρχος</em></strong></span> <span class='ocrx_word' id='word_1_134' title='bbox 671 2073 762 2138; x_wconf 72' lang='grc' dir='ltr'><strong><em>ἕλκε</em></strong></span> <span class='ocrx_word' id='word_1_135' title='bbox 781 2069 881 2154; x_wconf 78' lang='grc' dir='ltr'><strong><em>χωρίς</em></strong></span> <span class='ocrx_word' id='word_1_136' title='bbox 903 2074 964 2135; x_wconf 80' lang='grc' dir='ltr'><strong><em>τοῦ</em></strong></span> <span class='ocrx_word' id='word_1_137' title='bbox 985 2097 1007 2155; x_wconf 95' lang='grc' dir='ltr'><strong><em>ι,</em></strong></span> <span class='ocrx_word' id='word_1_138' title='bbox 1031 2070 1086 2135; x_wconf 81' lang='grc' dir='ltr'><strong><em>καὶ</em></strong></span> <span class='ocrx_word' id='word_1_139' title='bbox 1106 2071 1245 2153; x_wconf 77' lang='grc' dir='ltr'><strong><em>ἔχοντο</em></strong></span> 
     </span>
     <span class='ocr_line' id='line_1_18' title="bbox 135 2167 519 2257; baseline 0 -19"><span class='ocrx_word' id='word_1_140' title='bbox 135 2167 243 2248; x_wconf 79' lang='grc' dir='ltr'><strong><em>οὕτως</em></strong></span> <span class='ocrx_word' id='word_1_141' title='bbox 265 2169 321 2238; x_wconf 84' lang='grc' dir='ltr'><strong><em>διά</em></strong></span> <span class='ocrx_word' id='word_1_142' title='bbox 342 2176 405 2238; x_wconf 79' lang='grc' dir='ltr'><strong><em>τοῦ</em></strong></span> <span class='ocrx_word' id='word_1_143' title='bbox 426 2197 457 2257; x_wconf 68' lang='grc' dir='ltr'><strong><em>χ’.</em></strong></span> <span class='ocrx_word' id='word_1_144' title='bbox 477 2173 519 2238; x_wconf 94' lang='lat' dir='ltr'><strong><em>A.</em></strong></span> 
     </span>
    </p>

    <p class='ocr_par' dir='ltr' id='par_1_7' title="bbox 135 2268 1245 2567">
     <span class='ocr_line' id='line_1_19' title="bbox 213 2268 1245 2359; baseline 0 -22"><span class='ocrx_word' id='word_1_145' title='bbox 213 2278 290 2338; x_wconf 85' lang='lat'><strong><em>507.</em></strong></span> <span class='ocrx_word' id='word_1_146' title='bbox 326 2269 382 2339; x_wconf 87' lang='grc' dir='ltr'><strong><em>διά</em></strong></span> <span class='ocrx_word' id='word_1_147' title='bbox 404 2278 467 2340; x_wconf 82' lang='grc' dir='ltr'><strong><em>τοῦ</em></strong></span> <span class='ocrx_word' id='word_1_148' title='bbox 490 2298 504 2339; x_wconf 90' lang='grc' dir='ltr'><strong><em>ε</em></strong></span> <span class='ocrx_word' id='word_1_149' title='bbox 527 2277 668 2358; x_wconf 84' lang='grc' dir='ltr'><strong><em>λίπεν,</em></strong></span> <span class='ocrx_word' id='word_1_150' title='bbox 699 2269 813 2358; x_wconf 83' lang='grc' dir='ltr'><strong><em>ἐπειδή</em></strong></span> <span class='ocrx_word' id='word_1_151' title='bbox 837 2268 877 2338; x_wconf 90' lang='grc' dir='ltr'><strong><em>τά</em></strong></span> <span class='ocrx_word' id='word_1_152' title='bbox 900 2269 1028 2359; x_wconf 78' lang='grc' dir='ltr'><strong><em>ἅρματα</em></strong></span> <span class='ocrx_word' id='word_1_153' title='bbox 1050 2269 1245 2340; x_wconf 77' lang='grc' dir='ltr'><strong><em>τώνάνάκ-</em></strong></span> 
     </span>
     <span class='ocr_line' id='line_1_20' title="bbox 135 2371 1244 2462; baseline -0.001 -22"><span class='ocrx_word' id='word_1_154' title='bbox 135 2400 203 2441; x_wconf 87' lang='grc' dir='ltr'><strong><em>των</em></strong></span> <span class='ocrx_word' id='word_1_155' title='bbox 229 2376 455 2462; x_wconf 80' lang='grc' dir='ltr'><strong><em>ἐλείφθησαν,</em></strong></span> <span class='ocrx_word' id='word_1_156' title='bbox 488 2371 730 2462; x_wconf 74' lang='grc' dir='ltr'><strong><em>ήρημοόθησαν.</em></strong></span> <span class='ocrx_word' id='word_1_157' title='bbox 775 2373 965 2459; x_wconf 71' lang='grc' dir='ltr'><strong><em>Ζηνόδοτος</em></strong></span> <span class='ocrx_word' id='word_1_158' title='bbox 993 2375 1029 2441; x_wconf 80' lang='grc' dir='ltr'><strong><em>δὲ</em></strong></span> <span class='ocrx_word' id='word_1_159' title='bbox 1057 2373 1113 2442; x_wconf 83' lang='grc' dir='ltr'><strong><em>διὰ</em></strong></span> <span class='ocrx_word' id='word_1_160' title='bbox 1141 2380 1204 2441; x_wconf 79' lang='grc' dir='ltr'><strong><em>τοῦ</em></strong></span> <span class='ocrx_word' id='word_1_161' title='bbox 1228 2395 1244 2439; x_wconf 93' lang='grc' dir='ltr'><strong><em>ο</em></strong></span> 
     </span>
     <span class='ocr_line' id='line_1_21' title="bbox 135 2477 422 2567; baseline 0.01 -27"><span class='ocrx_word' id='word_1_162' title='bbox 135 2481 267 2542; x_wconf 90' lang='grc' dir='ltr'><strong><em>λίπον.</em></strong></span> <span class='ocrx_word' id='word_1_163' title='bbox 292 2478 333 2543; x_wconf 88' lang='grc' dir='ltr'><strong><em>Α.</em></strong></span> <span class='ocrx_word' id='word_1_164' title='bbox 361 2477 422 2567; x_wconf 66' lang='lat' dir='ltr'><strong><em>[h]</em></strong></span> 
     </span>
    </p>

    <p class='ocr_par' dir='ltr' id='par_1_8' title="bbox 135 2573 1244 2870">
     <span class='ocr_line' id='line_1_22' title="bbox 218 2573 1243 2667; baseline -0.001 -24"><span class='ocrx_word' id='word_1_165' title='bbox 218 2584 289 2644; x_wconf 87' lang='lat'><strong>515.</strong></span> <span class='ocrx_word' id='word_1_166' title='bbox 314 2574 525 2666; x_wconf 86' lang='grc' dir='ltr'><strong><em>Ἀρίσταρχος</em></strong></span> <span class='ocrx_word' id='word_1_167' title='bbox 547 2578 584 2646; x_wconf 87' lang='grc' dir='ltr'><strong><em>τό</em></strong></span> <span class='ocrx_word' id='word_1_168' title='bbox 604 2586 727 2667; x_wconf 88' lang='grc' dir='ltr'><strong><em>πλήρες</em></strong></span> <span class='ocrx_word' id='word_1_169' title='bbox 749 2576 865 2646; x_wconf 85' lang='grc' dir='ltr'><strong><em>άαούει</em></strong></span> <span class='ocrx_word' id='word_1_170' title='bbox 885 2579 1072 2647; x_wconf 88' lang='grc' dir='ltr'><strong><em>πάντοσε.</em></strong></span> <span class='ocrx_word' id='word_1_171' title='bbox 1094 2573 1243 2663; x_wconf 89' lang='grc' dir='ltr'><strong><em>Ζηνόδο-</em></strong></span> 
     </span>
     <span class='ocr_line' id='line_1_23' title="bbox 135 2677 1244 2770; baseline 0.001 -24"><span class='ocrx_word' id='word_1_172' title='bbox 135 2705 191 2759; x_wconf 88' lang='grc' dir='ltr'><strong><em>τος</em></strong></span> <span class='ocrx_word' id='word_1_173' title='bbox 211 2677 367 2759; x_wconf 88' lang='grc' dir='ltr'><strong><em>πάυτες</em></strong></span> <span class='ocrx_word' id='word_1_174' title='bbox 388 2678 561 2749; x_wconf 87' lang='grc' dir='ltr'><strong><em>άιιούειν</em></strong></span> <span class='ocrx_word' id='word_1_175' title='bbox 584 2679 639 2749; x_wconf 87' lang='grc' dir='ltr'><strong><em>διά</em></strong></span> <span class='ocrx_word' id='word_1_176' title='bbox 663 2688 725 2750; x_wconf 79' lang='grc' dir='ltr'><strong><em>τοῦ</em></strong></span> <span class='ocrx_word' id='word_1_177' title='bbox 745 2707 777 2750; x_wconf 92' lang='grc' dir='ltr'><strong><em>ε·</em></strong></span> <span class='ocrx_word' id='word_1_178' title='bbox 811 2681 970 2770; x_wconf 83' lang='grc' dir='ltr'><strong><em>(πάντοσε</em></strong></span> <span class='ocrx_word' id='word_1_179' title='bbox 990 2678 1035 2758; x_wconf 78' lang='grc' dir='ltr'><strong><em>ὡς</em></strong></span> <span class='ocrx_word' id='word_1_180' title='bbox 1057 2677 1244 2747; x_wconf 77' lang='grc' dir='ltr'><strong><em>πάντοθεν</em></strong></span> 
     </span>
     <span class='ocr_line' id='line_1_24' title="bbox 135 2781 889 2870; baseline 0.001 -22"><span class='ocrx_word' id='word_1_181' title='bbox 135 2781 193 2849; x_wconf 86' lang='grc' dir='ltr'><strong><em>κτὲ</em></strong></span> <span class='ocrx_word' id='word_1_182' title='bbox 211 2784 393 2849; x_wconf 82' lang='lat' dir='ltr'>Herodiani</span> <span class='ocrx_word' id='word_1_183' title='bbox 414 2808 487 2850; x_wconf 83' lang='lat' dir='ltr'>esse</span> <span class='ocrx_word' id='word_1_184' title='bbox 507 2786 661 2852; x_wconf 81' lang='lat' dir='ltr'><strong>videntur</strong></span> <span class='ocrx_word' id='word_1_185' title='bbox 683 2787 756 2852; x_wconf 79' lang='lat' dir='ltr'><strong>coll.</strong></span> <span class='ocrx_word' id='word_1_186' title='bbox 779 2787 832 2870; x_wconf 84' lang='lat' dir='ltr'><strong><em>L.)</em></strong></span> <span class='ocrx_word' id='word_1_187' title='bbox 848 2785 889 2849; x_wconf 89' lang='lat' dir='ltr'><strong><em>A.</em></strong></span> 
     </span>
    </p>

    <p class='ocr_par' dir='ltr' id='par_1_9' title="bbox 216 2879 966 2972">
     <span class='ocr_line' id='line_1_25' title="bbox 216 2879 966 2972; baseline 0.001 -22"><span class='ocrx_word' id='word_1_188' title='bbox 216 2891 288 2952; x_wconf 81' lang='lat'><strong><em>522.</em></strong></span> <span class='ocrx_word' id='word_1_189' title='bbox 315 2881 527 2972; x_wconf 89' lang='grc' dir='ltr'><strong><em>Ἀρίσταρχος</em></strong></span> <span class='ocrx_word' id='word_1_190' title='bbox 558 2883 650 2954; x_wconf 88' lang='grc' dir='ltr'><strong><em>οὐδ’</em></strong></span> <span class='ocrx_word' id='word_1_191' title='bbox 675 2879 723 2954; x_wconf 80' lang='grc' dir='ltr'><strong><em>οὐ</em></strong></span> <span class='ocrx_word' id='word_1_192' title='bbox 743 2884 901 2965; x_wconf 88' lang='grc' dir='ltr'><strong><em>παιδός.</em></strong></span> <span class='ocrx_word' id='word_1_193' title='bbox 924 2889 966 2951; x_wconf 90' lang='grc' dir='ltr'><strong><em>Α.</em></strong></span> 
     </span>
    </p>

    <p class='ocr_par' dir='ltr' id='par_1_10' title="bbox 221 2987 1245 3076">
     <span class='ocr_line' id='line_1_26' title="bbox 221 2987 1245 3076; baseline -0.001 -25"><span class='ocrx_word' id='word_1_194' title='bbox 221 2992 294 3054; x_wconf 82' lang='grc'><strong><em>526.</em></strong></span> <span class='ocrx_word' id='word_1_195' title='bbox 308 3012 416 3067; x_wconf 85' lang='grc' dir='ltr'><strong><em>ουτως</em></strong></span> <span class='ocrx_word' id='word_1_196' title='bbox 424 2987 480 3055; x_wconf 91' lang='grc' dir='ltr'><strong><em>δια</em></strong></span> <span class='ocrx_word' id='word_1_197' title='bbox 489 3014 583 3075; x_wconf 90' lang='grc' dir='ltr'><strong><em>τουη</em></strong></span> <span class='ocrx_word' id='word_1_198' title='bbox 599 2988 650 3056; x_wconf 80' lang='grc' dir='ltr'><strong><em>αί’</em></strong></span> <span class='ocrx_word' id='word_1_199' title='bbox 645 2989 857 3076; x_wconf 86' lang='grc' dir='ltr'><strong><em>Αριστάρχου</em></strong></span> <span class='ocrx_word' id='word_1_200' title='bbox 872 2987 1194 3068; x_wconf 79' lang='grc' dir='ltr'><strong><em>κατατεθνηῶτι.</em></strong></span> <span class='ocrx_word' id='word_1_201' title='bbox 1205 2987 1245 3050; x_wconf 88' lang='lat' dir='ltr'><strong><em>A.</em></strong></span> 
     </span>
    </p>

    <p class='ocr_par' dir='ltr' id='par_1_11' title="bbox 217 3077 1185 3180">
     <span class='ocr_line' id='line_1_27' title="bbox 217 3077 1185 3180; baseline -0.001 -29"><span class='ocrx_word' id='word_1_202' title='bbox 217 3093 289 3154; x_wconf 87' lang='grc'><strong><em>559.</em></strong></span> <span class='ocrx_word' id='word_1_203' title='bbox 313 3084 401 3160; x_wconf 83' lang='grc' dir='ltr'><strong><em>ἄλλ’</em></strong></span> <span class='ocrx_word' id='word_1_204' title='bbox 425 3098 569 3176; x_wconf 84' lang='grc' dir='ltr'><strong><em>είμιν</em></strong></span> <span class='ocrx_word' id='word_1_205' title='bbox 593 3092 631 3158; x_wconf 82' lang='grc' dir='ltr'><strong><em>ἐν</em></strong></span> <span class='ocrx_word' id='word_1_206' title='bbox 651 3118 691 3180; x_wconf 88' lang='grc' dir='ltr'><strong><em>τη</em></strong></span> <span class='ocrx_word' id='word_1_207' title='bbox 709 3089 840 3160; x_wconf 79' lang='grc' dir='ltr'><strong><em>Ῥιανοῦ</em></strong></span> <span class='ocrx_word' id='word_1_208' title='bbox 864 3087 949 3158; x_wconf 85' lang='grc' dir='ltr'><strong><em>ἀλλ’</em></strong></span> <span class='ocrx_word' id='word_1_209' title='bbox 974 3077 1021 3153; x_wconf 85' lang='grc' dir='ltr'><strong><em>εὐ</em></strong></span> <span class='ocrx_word' id='word_1_210' title='bbox 1040 3111 1121 3170; x_wconf 91' lang='grc' dir='ltr'><strong><em>μιν.</em></strong></span> <span class='ocrx_word' id='word_1_211' title='bbox 1142 3089 1185 3152; x_wconf 92' lang='lat' dir='ltr'><strong><em>A.</em></strong></span> 
     </span>
    </p>

    <p class='ocr_par' dir='ltr' id='par_1_12' title="bbox 221 3179 1247 3279">
     <span class='ocr_line' id='line_1_28' title="bbox 221 3179 1247 3279; baseline -0.002 -24"><span class='ocrx_word' id='word_1_212' title='bbox 221 3179 305 3278; x_wconf 76' lang='grc'><strong><em>[613.</em></strong></span> <span class='ocrx_word' id='word_1_213' title='bbox 329 3190 367 3255; x_wconf 83' lang='grc' dir='ltr'><strong><em>ἐν</em></strong></span> <span class='ocrx_word' id='word_1_214' title='bbox 386 3195 426 3278; x_wconf 81' lang='grc' dir='ltr'><strong><em>τη</em></strong></span> <span class='ocrx_word' id='word_1_215' title='bbox 450 3189 544 3279; x_wconf 83' lang='grc' dir='ltr'><strong><em>ετὲρα</em></strong></span> <span class='ocrx_word' id='word_1_216' title='bbox 567 3197 635 3259; x_wconf 71' lang='grc' dir='ltr'><strong><em>τῶν</em></strong></span> <span class='ocrx_word' id='word_1_217' title='bbox 654 3189 868 3278; x_wconf 88' lang='grc' dir='ltr'><strong><em>Ἀριστάρχου</em></strong></span> <span class='ocrx_word' id='word_1_218' title='bbox 892 3185 955 3256; x_wconf 87' lang='grc' dir='ltr'><strong><em>οὐκ</em></strong></span> <span class='ocrx_word' id='word_1_219' title='bbox 977 3189 1114 3273; x_wconf 83' lang='grc' dir='ltr'><strong><em>ἐφέρετο</em></strong></span> <span class='ocrx_word' id='word_1_220' title='bbox 1137 3187 1247 3253; x_wconf 86' lang='grc' dir='ltr'><strong><em>καθά-</em></strong></span> 
     </span>
    </p>

    <p class='ocr_par' dir='ltr' id='par_1_13' title="bbox 128 3289 1246 3481">
     <span class='ocr_line' id='line_1_29' title="bbox 137 3289 1244 3383; baseline 0 -27"><span class='ocrx_word' id='word_1_221' title='bbox 137 3293 217 3370; x_wconf 84' lang='grc' dir='ltr'><strong><em>πα·ξ</em></strong></span> <span class='ocrx_word' id='word_1_222' title='bbox 239 3292 275 3356; x_wconf 78' lang='grc' dir='ltr'><strong><em>ἐν</em></strong></span> <span class='ocrx_word' id='word_1_223' title='bbox 293 3292 328 3357; x_wconf 80' lang='grc' dir='ltr'><strong><em>δὲ</em></strong></span> <span class='ocrx_word' id='word_1_224' title='bbox 341 3318 380 3380; x_wconf 85' lang='grc' dir='ltr'><strong><em>τη</em></strong></span> <span class='ocrx_word' id='word_1_225' title='bbox 366 3294 534 3379; x_wconf 77' lang='grc' dir='ltr'><strong><em>’δευτέρᾳ</em></strong></span> <span class='ocrx_word' id='word_1_226' title='bbox 547 3289 667 3379; x_wconf 75' lang='grc' dir='ltr'><strong><em>ἄλοχος</em></strong></span> <span class='ocrx_word' id='word_1_227' title='bbox 687 3295 718 3383; x_wconf 77' lang='grc'><strong><em>(3</em></strong></span> <span class='ocrx_word' id='word_1_228' title='bbox 731 3291 862 3380; x_wconf 90' lang='grc' dir='ltr'><strong><em>ὀβελός)</em></strong></span> <span class='ocrx_word' id='word_1_229' title='bbox 885 3289 976 3380; x_wconf 78' lang='grc' dir='ltr'><strong><em>αὐτῷ</em></strong></span> <span class='ocrx_word' id='word_1_230' title='bbox 991 3293 1177 3375; x_wconf 85' lang='grc' dir='ltr'><strong><em>παρέκειτο.</em></strong></span> <span class='ocrx_word' id='word_1_231' title='bbox 1192 3291 1244 3378; x_wconf 86' lang='lat' dir='ltr'><strong><em>V]</em></strong></span> 
     </span>
     <span class='ocr_line' id='line_1_30' title="bbox 128 3387 1246 3481; baseline -0.003 -22"><span class='ocrx_word' id='word_1_232' title='bbox 128 3397 135 3414; x_wconf 91' lang='lat'><em>&#39;</em></span> <span class='ocrx_word' id='word_1_233' title='bbox 222 3397 294 3459; x_wconf 88' lang='grc'><strong><em>633.</em></strong></span> <span class='ocrx_word' id='word_1_234' title='bbox 318 3389 426 3471; x_wconf 80' lang='grc' dir='ltr'><strong><em>οὕτως</em></strong></span> <span class='ocrx_word' id='word_1_235' title='bbox 449 3389 832 3481; x_wconf 76' lang='grc' dir='ltr'><strong><em>όροίρειἈρίσταρχος,</em></strong></span> <span class='ocrx_word' id='word_1_236' title='bbox 854 3398 891 3460; x_wconf 80' lang='grc' dir='ltr'><strong><em>ἔν</em></strong></span> <span class='ocrx_word' id='word_1_237' title='bbox 903 3414 991 3459; x_wconf 91' lang='grc' dir='ltr'><strong><em>τισιν</em></strong></span> <span class='ocrx_word' id='word_1_238' title='bbox 1007 3387 1182 3477; x_wconf 79' lang='grc' dir='ltr'><strong><em>ὄρωρεν.</em></strong></span> <span class='ocrx_word' id='word_1_239' title='bbox 1206 3392 1246 3457; x_wconf 91' lang='lat' dir='ltr'><strong>A.</strong></span> 
     </span>
    </p>

    <p class='ocr_par' dir='ltr' id='par_1_14' title="bbox 218 3492 967 3582">
     <span class='ocr_line' id='line_1_31' title="bbox 218 3492 967 3582; baseline 0 -21"><span class='ocrx_word' id='word_1_240' title='bbox 218 3493 332 3561; x_wconf 87' lang='grc'><strong><em>634.’</em></strong></span> <span class='ocrx_word' id='word_1_241' title='bbox 315 3494 467 3582; x_wconf 90' lang='grc' dir='ltr'><strong><em>ακουή·</em></strong></span> <span class='ocrx_word' id='word_1_242' title='bbox 488 3492 873 3582; x_wconf 84' lang='grc' dir='ltr'><strong><em>Ἀριστοφάνηςάῦτή.</em></strong></span> <span class='ocrx_word' id='word_1_243' title='bbox 895 3496 967 3561; x_wconf 92' lang='lat' dir='ltr'><strong>AV.</strong></span> 
     </span>
    </p>

    <p class='ocr_par' dir='ltr' id='par_1_15' title="bbox 135 3593 1249 3994">
     <span class='ocr_line' id='line_1_32' title="bbox 220 3593 1248 3714; baseline -0.006 -50"><span class='ocrx_word' id='word_1_244' title='bbox 220 3604 292 3665; x_wconf 85' lang='lat'><strong>636.</strong></span> <span class='ocrx_word' id='word_1_245' title='bbox 316 3594 457 3684; x_wconf 86' lang='grc' dir='ltr'><strong><em>άμειυον</em></strong></span> <span class='ocrx_word' id='word_1_246' title='bbox 480 3594 583 3684; x_wconf 81' lang='grc' dir='ltr'><strong><em>εἶχεν,</em></strong></span> <span class='ocrx_word' id='word_1_247' title='bbox 606 3601 710 3682; x_wconf 79' lang='grc' dir='ltr'><strong><em>φησὶν</em></strong></span> <span class='ocrx_word' id='word_1_248' title='bbox 732 3593 749 3663; x_wconf 86' lang='grc' dir='ltr'>ὁ</span> <span class='ocrx_word' id='word_1_249' title='bbox 771 3595 1028 3683; x_wconf 88' lang='grc' dir='ltr'><strong><em>Ἀρίσταρχος,ε</em></strong></span> <span class='ocrx_word' id='word_1_250' title='bbox 1014 3593 1248 3714; x_wconf 74' lang='grc' dir='ltr'><strong><em>είέχέχραπτο</em></strong></span> 
     </span>
     <span class='ocr_line' id='line_1_33' title="bbox 135 3683 1249 3785; baseline -0.005 -20"><span class='ocrx_word' id='word_1_251' title='bbox 135 3704 248 3785; x_wconf 72' lang='grc' dir='ltr'><strong><em>βοοῖν</em></strong></span> <span class='ocrx_word' id='word_1_252' title='bbox 268 3697 552 3784; x_wconf 81' lang='grc' dir='ltr'><strong><em>εὐποιητάων,</em></strong></span> <span class='ocrx_word' id='word_1_253' title='bbox 582 3701 722 3779; x_wconf 78' lang='grc' dir='ltr'><strong><em>ἔξαιτον</em></strong></span> <span class='ocrx_word' id='word_1_254' title='bbox 743 3683 1249 3783; x_wconf 76' lang='grc' dir='ltr'><strong><em>τε’συνδε’σμον,”ιν’ήὸινός</em></strong></span> 
     </span>
     <span class='ocr_line' id='line_1_34' title="bbox 137 3792 1249 3922; baseline -0.006 -54"><span class='ocrx_word' id='word_1_255' title='bbox 137 3807 238 3922; x_wconf 84' lang='grc' dir='ltr'><strong><em>βριόν.</em></strong></span> <span class='ocrx_word' id='word_1_256' title='bbox 268 3805 309 3868; x_wconf 91' lang='grc' dir='ltr'><strong><em>Α.</em></strong></span> <span class='ocrx_word' id='word_1_257' title='bbox 349 3802 397 3891; x_wconf 80' lang='grc' dir='ltr'><strong><em>[ἐν</em></strong></span> <span class='ocrx_word' id='word_1_258' title='bbox 420 3803 460 3868; x_wconf 84' lang='grc' dir='ltr'><strong><em>δέ</em></strong></span> <span class='ocrx_word' id='word_1_259' title='bbox 479 3819 565 3867; x_wconf 90' lang='grc' dir='ltr'><strong><em>τισιν</em></strong></span> <span class='ocrx_word' id='word_1_260' title='bbox 589 3797 733 3887; x_wconf 80' lang='grc' dir='ltr'><strong><em>εὕρομεν</em></strong></span> <span class='ocrx_word' id='word_1_261' title='bbox 755 3802 887 3888; x_wconf 77' lang='grc' dir='ltr'><strong><em>ριυοιν</em></strong></span> <span class='ocrx_word' id='word_1_262' title='bbox 910 3823 950 3864; x_wconf 90' lang='grc' dir='ltr'><strong><em>τε</em></strong></span> <span class='ocrx_word' id='word_1_263' title='bbox 970 3801 1081 3883; x_wconf 84' lang='grc' dir='ltr'><strong><em>βοων</em></strong></span> <span class='ocrx_word' id='word_1_264' title='bbox 1102 3820 1143 3862; x_wconf 92' lang='grc' dir='ltr'><strong><em>τε</em></strong></span> <span class='ocrx_word' id='word_1_265' title='bbox 1166 3792 1249 3862; x_wconf 88' lang='grc' dir='ltr'><strong><em>κατά</em></strong></span> 
     </span>
     <span class='ocr_line' id='line_1_35' title="bbox 136 3899 522 3994; baseline -0.003 -24"><span class='ocrx_word' id='word_1_266' title='bbox 136 3899 171 3970; x_wconf 85' lang='grc' dir='ltr'><strong><em>τό</em></strong></span> <span class='ocrx_word' id='word_1_267' title='bbox 201 3903 445 3988; x_wconf 85' lang='grc' dir='ltr'><strong><em>πληθυντικόν.</em></strong></span> <span class='ocrx_word' id='word_1_268' title='bbox 468 3906 522 3994; x_wconf 86' lang='grc' dir='ltr'><strong><em>Α.]</em></strong></span> 
     </span>
    </p>

    <p class='ocr_par' dir='ltr' id='par_1_16' title="bbox 221 3998 1248 4091">
     <span class='ocr_line' id='line_1_36' title="bbox 221 3998 1248 4091; baseline -0.008 -21"><span class='ocrx_word' id='word_1_269' title='bbox 221 4008 294 4070; x_wconf 92' lang='grc'><strong><em>638.</em></strong></span> <span class='ocrx_word' id='word_1_270' title='bbox 315 3999 525 4091; x_wconf 85' lang='grc' dir='ltr'><strong><em>Ἀρίσταρχος</em></strong></span> <span class='ocrx_word' id='word_1_271' title='bbox 547 4001 630 4071; x_wconf 85' lang='grc' dir='ltr'><strong><em>κατά</em></strong></span> <span class='ocrx_word' id='word_1_272' title='bbox 650 4002 805 4090; x_wconf 87' lang='grc' dir='ltr'><strong><em>δοτικήν,</em></strong></span> <span class='ocrx_word' id='word_1_273' title='bbox 828 3998 1071 4087; x_wconf 88' lang='grc' dir='ltr'><strong><em>Σαρπηδόνι</em></strong></span> <span class='ocrx_word' id='word_1_274' title='bbox 1094 4002 1176 4088; x_wconf 77' lang='grc' dir='ltr'><strong><em>δίῳ.</em></strong></span> <span class='ocrx_word' id='word_1_275' title='bbox 1207 3998 1248 4063; x_wconf 90' lang='grc' dir='ltr'><strong><em>Α.</em></strong></span> 
     </span>
    </p>

    <p class='ocr_par' dir='ltr' id='par_1_17' title="bbox 219 4101 1142 4193">
     <span class='ocr_line' id='line_1_37' title="bbox 219 4101 1142 4193; baseline -0.004 -24"><span class='ocrx_word' id='word_1_276' title='bbox 219 4110 291 4173; x_wconf 88' lang='grc'><strong><em>648.</em></strong></span> <span class='ocrx_word' id='word_1_277' title='bbox 316 4107 353 4172; x_wconf 78' lang='grc' dir='ltr'><strong><em>ἐκ</em></strong></span> <span class='ocrx_word' id='word_1_278' title='bbox 377 4105 526 4193; x_wconf 81' lang='grc' dir='ltr'><strong><em>πλήρους</em></strong></span> <span class='ocrx_word' id='word_1_279' title='bbox 545 4106 618 4184; x_wconf 73' lang='grc' dir='ltr'><strong><em>ιιαὶι</em></strong></span> <span class='ocrx_word' id='word_1_280' title='bbox 637 4119 779 4172; x_wconf 81' lang='grc' dir='ltr'><strong><em>κεῖνον</em></strong></span> <span class='ocrx_word' id='word_1_281' title='bbox 799 4107 835 4172; x_wconf 83' lang='grc' dir='ltr'><strong><em>αἱ</em></strong></span> <span class='ocrx_word' id='word_1_282' title='bbox 852 4101 1079 4188; x_wconf 89' lang='grc' dir='ltr'><strong><em>Ἀριστάρχου.</em></strong></span> <span class='ocrx_word' id='word_1_283' title='bbox 1100 4102 1142 4167; x_wconf 91' lang='lat' dir='ltr'><strong>A.</strong></span> 
     </span>
    </p>

    <p class='ocr_par' dir='ltr' id='par_1_18' title="bbox 136 4197 1249 4403">
     <span class='ocr_line' id='line_1_38' title="bbox 219 4197 1248 4295; baseline -0.01 -23"><span class='ocrx_word' id='word_1_284' title='bbox 219 4213 291 4274; x_wconf 83' lang='lat'><strong>668.</strong></span> <span class='ocrx_word' id='word_1_285' title='bbox 326 4203 434 4284; x_wconf 80' lang='grc' dir='ltr'><strong><em>οὕτως</em></strong></span> <span class='ocrx_word' id='word_1_286' title='bbox 464 4203 672 4295; x_wconf 89' lang='grc' dir='ltr'><strong><em>Ἀρίσταρχος</em></strong></span> <span class='ocrx_word' id='word_1_287' title='bbox 704 4203 954 4294; x_wconf 86' lang='grc' dir='ltr'><strong><em>Σαρπηδόνι</em></strong></span> <span class='ocrx_word' id='word_1_288' title='bbox 988 4199 1070 4269; x_wconf 82' lang='grc' dir='ltr'><strong><em>κατὰ</em></strong></span> <span class='ocrx_word' id='word_1_289' title='bbox 1098 4197 1248 4284; x_wconf 87' lang='grc' dir='ltr'><strong><em>δοτικήν.</em></strong></span> 
     </span>
     <span class='ocr_line' id='line_1_39' title="bbox 136 4297 1249 4403; baseline -0.007 -29"><span class='ocrx_word' id='word_1_290' title='bbox 136 4307 335 4394; x_wconf 89' lang='grc' dir='ltr'><strong><em>Σαρπηδόνι</em></strong></span> <span class='ocrx_word' id='word_1_291' title='bbox 359 4309 513 4394; x_wconf 87' lang='grc' dir='ltr'><strong><em>κάθηρον</em></strong></span> <span class='ocrx_word' id='word_1_292' title='bbox 535 4305 572 4375; x_wconf 89' lang='grc' dir='ltr'><strong><em>τδ</em></strong></span> <span class='ocrx_word' id='word_1_293' title='bbox 589 4301 686 4403; x_wconf 81' lang='grc' dir='ltr'><strong><em>αἷμα.</em></strong></span> <span class='ocrx_word' id='word_1_294' title='bbox 719 4306 845 4393; x_wconf 88' lang='grc' dir='ltr'><strong><em>μήποτε</em></strong></span> <span class='ocrx_word' id='word_1_295' title='bbox 868 4303 905 4373; x_wconf 71' lang='grc' dir='ltr'><strong><em>δὲ</em></strong></span> <span class='ocrx_word' id='word_1_296' title='bbox 922 4305 1113 4396; x_wconf 82' lang='grc' dir='ltr'><strong><em>Ζηνόδοτος</em></strong></span> <span class='ocrx_word' id='word_1_297' title='bbox 1134 4297 1249 4398; x_wconf 72' lang='grc' dir='ltr'><strong><em>ὀρθάς</em></strong></span> 
     </span>
    </p>
   </div>
   <div class='ocr_carea' id='block_1_3' title="bbox 0 0 1384 4890">
    <p class='ocr_par' dir='ltr' id='par_1_19' title="bbox 0 0 1384 4890">
     <span class='ocr_line' id='line_1_40' title="bbox 0 0 1384 4890; baseline 0 0"><span class='ocrx_word' id='word_1_298' title='bbox 0 0 1384 4890; x_wconf 95' lang='lat' dir='ltr'><strong><em> </em></strong></span> 
     </span>
    </p>
   </div>
  </div>
 </body>
</html>
