2866 4882
754 499 817 580 22.

487 628 813 697 Commentarius
836 634 876 697 in
899 634 1070 699 Isaeum.

312 751 472 836 Harpoer.
496 753 547 830 47,
572 751 611 813 20
634 750 788 833 γαμήλια.
827 750 902 816 Vid.
927 776 1014 840 supr.
1041 777 1073 842 p.
1098 756 1158 817 315
1186 763 1217 818 et
1238 753 1343 841 Harp.

232 859 300 937 143,
323 857 375 917 24.

746 941 810 1024 23.

426 1077 752 1142 Commentarius
774 1077 814 1140 in
836 1077 1077 1142 Isocratem.
1100 1077 1146 1163 (2)

311 1198 415 1284 Harp.
439 1197 489 1278 28,
514 1197 553 1258 23
589 1189 663 1260 ἀπὸ
686 1191 979 1281 μισθωμοίτων.
1025 1190 1211 1278 Δίδυμός
1238 1212 1344 1280 φησιν

227 1295 245 1364 ὁ
268 1294 496 1385 γραμματικὸς
517 1293 591 1361 ἀντὶ
614 1301 677 1362 τοῦ
697 1297 733 1363 ἐκ
754 1301 823 1362 τῶν
840 1300 1025 1382 τεμενικιὸν
1041 1295 1232 1378 προσόδων.
1266 1295 1343 1361 ἑκα-

228 1422 295 1489 στῳ
321 1400 385 1485 γὰρ
413 1402 485 1486 θεῷ
513 1399 645 1483 πλέθρα
673 1404 734 1484 γῆς
756 1395 942 1483 ἀπένεμον,
973 1399 1006 1476 ἐξ
1031 1385 1079 1461 ὦν
1099 1400 1343 1484 μισθουμένων

227 1505 264 1570 αί
290 1505 336 1580 είς
364 1498 421 1577 τὰς
442 1504 566 1579 θυσίας
594 1502 766 1586 ἐγίγνοντο
790 1499 947 1566 δαπάναι.
991 1494 1118 1583 οὐγὰρ
1141 1496 1215 1566 κατ’
1246 1496 1342 1568 εὐσέ-

227 1612 323 1692 βειαν
345 1607 451 1670 ἔθυον
473 1599 512 1667 τὰ
534 1606 647 1691 ίερεία,
671 1599 755 1670 ἀλλὰ
775 1602 1011 1690 μισθούμενοι.

315 1708 435 1794 Areop.
459 1708 510 1770 29.

748 1828 811 1910 24.
885 1875 889 1886 ·

408 1915 736 2026 Commentarius¹
760 1962 802 2024 iu
823 1959 1091 2024 Dinarchum.
1115 1960 1160 2046 (2)

312 2097 554 2184 Harpocri24,
571 2097 608 2158 18
630 2101 898 2181 ματρυλείων.
923 2097 1110 2178 Δείναρχος
1132 2095 1169 2160 έν
1191 2099 1238 2183 τῷ
1256 2091 1339 2160 κατὰ

226 2201 411 2283 Προξένου.
440 2194 631 2281 Ἡρακλέων
652 2196 706 2262 καλ
725 2201 780 2263 Δί
786 2183 1042 2282 δυμοςτόπον
1063 2195 1138 2260 τινα
1161 2214 1278 2282 φασιν,
1303 2197 1340 2261 ἐν

226 2291 253 2390 ᾦ
275 2304 375 2384 γρᾶες
404 2289 635 2384 διατρίβουσαν
659 2301 811 2382 δέχονται
838 2294 918 2376 τούς
941 2301 1171 2383 βουλομένους
1195 2323 1339 2382 καταμε-

224 2407 409 2485 θυσθῆναι.
455 2402 657 2484 Μένανδρος
678 2395 949 2486 Ἐπιτρέπουσιν·
975 2395 1059 2465 εοὐκ
1084 2398 1257 2485 οἰμώξεται
1278 2426 1340 2466 κα-

225 2505 410 2587 ταφθαρείς
433 2503 469 2568 ἐν
491 2505 678 2588 ματρυλείῳ
701 2498 762 2566 τὸν
783 2507 896 2587 βίον’;
939 2496 944 2502 ’

311 2606 364 2672 Of.
388 2606 482 2671 Phot.
507 2607 578 2687 249,
598 2607 628 2667 2.
653 2606 689 2668 13
715 2604 861 2692 Hesyeh.
879 2603 1030 2668 Eustath.
1051 2605 1090 2668 Il.
1110 2629 1178 2690 γρ.
1193 2607 1266 2669 287.

476 2791 721 2876 Fragmenta
745 2790 934 2856 incertae
959 2793 1081 2856 sedis.

309 2929 470 3015 Harponr.
489 2929 529 2990 37
546 2935 622 3012 post
641 2928 682 2990 20
695 2927 727 2990 Κ
749 2920 1054 2992 ίισκοίλια-οὕτω
1074 2927 1130 2993 καί
1147 2930 1340 3012 Δίδυμος

224 3031 287 3093 huc
315 3029 395 3092 mihi
423 3048 489 3091 non
518 3027 649 3092 videtur
671 3029 850 3115 pertinere,
879 3029 936 3093 sed
959 3028 1097 3095 eschol.
1121 3030 1224 3095 Arist.
1248 3031 1336 3096 Plut.

227 3127 308 3194 1131)
331 3128 561 3216 interpolatum
584 3149 666 3192 esse.

309 3229 468 3315 Harpocr.
498 3234 554 3312 96,
576 3232 617 3293 20
649 3230 789 3313 θέτης·
827 3228 954 3320 μήποτε
980 3233 1086 3315 θέτην
1114 3233 1252 3315 λέγουσι
1277 3232 1339 3299 τὸν

223 3327 407 3416 ὑποθήκην
428 3327 620 3414 τεθεικότα,
651 3325 713 3414 οὐχ
738 3326 782 3408 ως
804 3335 993 3416 Δίδυμος
1017 3330 1077 3398 τὸν
1100 3335 1339 3420 εἰσποιησάμε-

224 3457 296 3498 υου.
318 3429 442 3511 θετοὺς
457 3427 520 3518 γὰρ
537 3435 665 3517 ἔλεγον,
684 3435 777 3517 φησί,
794 3429 1111 3518 τοδςείσποιητούς.
1131 3437 1226 3502 Phnt.
1242 3440 1292 3520 88,
1306 3444 1337 3501 4.

307 3536 469 3624 Harpoer.
489 3538 559 3617 143,
573 3537 613 3598 24
636 3535 878 3599 πανδαισία·
896 3530 1010 3610 Ἰσαῑος
1031 3535 1069 3598 ἐν
1087 3540 1134 3624 τῷ
1155 3535 1240 3618 πρὸς
1263 3539 1337 3602 Μέ-

224 3639 336 3702 δοντα.
360 3641 428 3702 ἔστι
451 3633 513 3721 μὲν
536 3632 685 3718 τοῦνομα
705 3631 864 3712 πολλάκις
886 3634 941 3701 καὶ
960 3636 996 3700 ἐν
1016 3641 1056 3723 τῇ
1075 3632 1196 3724 ἀρχαίᾳ
1216 3662 1337 3726 κωμῳ-

223 3742 288 3826 δίᾳ.
332 3741 512 3805 πανδαισία
534 3736 574 3802 δέ
594 3737 662 3802 ἐστι
685 3733 722 3802 τὰ
748 3735 857 3803 πάντα
885 3739 973 3820 ἔχειν
995 3732 1134 3820 ἄφθονα
1152 3740 1207 3804 καί
1230 3736 1337 3824 μηδὲν

223 3839 387 3906 ἐλλείπειν
409 3841 447 3905 ἐν
468 3843 508 3927 τῇ
528 3841 624 3904 δαιτί.
666 3833 770 3923 ἡγὰρ
793 3842 855 3904 τοῦ
877 3846 909 3905 Δ
917 3837 1072 3923 ιδύμου
1092 3834 1255 3917 ἀπόδοσις
1278 3865 1338 3905 πε-

223 3946 364 4026 ρίεργος.
410 3941 462 4006 Of.
484 3939 579 4004 Phot.
604 3944 677 4025 376,
704 3947 752 4006 10.

308 4043 468 4129 Harpoer.
495 4046 564 4125 171,
592 4046 624 4104 11
659 4038 861 4126 στρωτήρ·
889 4046 1089 4125 Λυκοῦργος
1111 4038 1186 4106 κατ’
1212 4045 1340 4126 Αἰσχυ-

222 4147 307 4225 ρίου.
328 4139 367 4207 τὰ
391 4143 493 4236 μικρὰ
511 4146 641 4208 δοκίδια
661 4138 701 4207 wi
720 4141 833 4208 ἐπάνω
852 4147 920 4208 τῶν
938 4142 1157 4224 δουροδόκων
1177 4145 1338 4228 τιθέμενα

221 4248 413 4327 στρωτῆρας
441 4247 575 4327 ἔλεγον,
606 4239 651 4320 ciis
678 4260 760 4327 φησι
791 4248 990 4328 Δίδυμος.
1034 4247 1101 4310 ἔστι
1125 4240 1277 4329 τοῦνομα
1300 4245 1337 4310 ἐν
