2812 4868
1154 345 1191 406 71

83 517 239 595 corrupta
284 501 560 590 ὀρειχάλκων·
601 509 669 569 τῶν
712 509 784 589 εἰκῇ
823 507 1072 590 διαδεδομένον
1108 503 1193 574 εἶναι

82 605 244 693 τοῦνομα.
290 609 324 674 οἱ
339 603 376 673 δὲ
399 609 535 683 πλείους
555 599 719 691 ὑπάρχειν
742 601 865 672 αὐτῶν.
901 605 1029 674 ἔστιδὲ
1051 606 1107 673 καὶ
1129 603 1192 694 ὕλη

83 708 184 797 ὅμοια
211 713 331 798 χαλκῷ.
377 709 507 774 Deinde
538 702 781 793 ὀρίχαλκος·
832 704 954 792 χαλκὸς
979 714 1093 798 χρυσῷ
1123 711 1192 780 ἐοι-

84 811 151 890 κως
173 807 194 896 ἢ
216 810 322 896 κρήνη
350 805 557 894 ἆρχίχαλκος.
603 809 696 890 Quae
723 810 757 874 in
780 811 865 876 hunc
894 812 964 876 lere
989 812 1122 878 modum
1143 836 1192 880 re·

81 916 264 1001 dintegrari
284 934 381 1000 posse
394 912 565 977 videntur:
585 906 810 995 Ὀρείχαλκος·
834 912 870 952 **
893 915 962 978 τῶν
984 915 1056 997 εἰκῇ
1078 916 1191 980 διαδε-

82 1015 237 1101 δομένων
259 1012 326 1098 [καὶ
347 1017 470 1096 τοῦτο].
515 1013 550 1077 ολ
569 1009 606 1077 δὲ
628 1014 764 1090 πλείους
786 1006 951 1097 ὑπάρχειν
976 1015 1103 1100 [φασὶν]
1126 1013 1191 1082 αὐ-

82 1117 154 1184 τόν.
207 1118 276 1181 ἔστι
308 1113 345 1180 δὲ
373 1110 438 1197 ὕλη
472 1107 571 1198 ὁμοία
598 1117 718 1202 χαλκῷ.
771 1114 817 1198 [οἱ
843 1113 879 1180 δὲ
905 1108 1191 1200 ἀνδριαντοποιοῦ

83 1219 255 1304 λέγουσιν]
298 1211 383 1282 εἶναι
428 1211 587 1300 τοῦνομα.
653 1215 756 1280 Vides
800 1217 901 1301 igitur
942 1215 1094 1303 κωμικὴν
1136 1223 1191 1286 λέ-

81 1325 134 1398 ξιν
177 1316 365 1404 σύμμικτον
405 1319 447 1382 ad
489 1316 626 1382 verbum
668 1318 702 1380 iu
732 1315 899 1404 Hesychio
932 1319 1056 1405 inesse,
1103 1324 1190 1389 unde

80 1429 217 1508 apparet
234 1422 395 1506 integrum
419 1441 529 1484 eorum
548 1419 705 1484 iudicium
720 1417 801 1503 fore,
823 1421 879 1506 qui
898 1420 938 1486 Ο.
956 1419 1191 1490 Schneiderum

81 1522 331 1609 Nauckiumque
365 1522 468 1586 secuti
496 1518 599 1585 verba
622 1519 680 1584 illa
712 1520 755 1585 ad
788 1520 1028 1588 nobilissimum
1054 1525 1191 1614 Didymi

81 1647 162 1711 opus
185 1624 357 1689 referenda
378 1647 450 1689 esse
472 1629 625 1687 statuent.
668 1621 721 1687 De
735 1623 895 1690 vocabulo
915 1630 1089 1717 σνμμίκτμ
1110 1652 1189 1696 vero

80 1729 128 1790 sic
151 1726 277 1809 iudico,
295 1735 332 1790 ut
352 1725 590 1790 emendandum
609 1745 681 1787 esee
701 1725 735 1788 in
757 1729 952 1808 συμμίκτων
975 1738 1130 1814 statuam,
1153 1741 1190 1798 ut

31 1845 34 1850 “
79 1828 246 1914 Didymus
268 1827 394 1893 duobus
414 1827 496 1891 locis
519 1827 560 1891 de
586 1823 996 1915 aurichalco‘exposueriu
1023 1834 1058 1896 in
1082 1834 1190 1899 lexico

79 1932 205 1994 comico
230 1937 262 1993 et
292 1928 376 1994 libro
405 1926 585 2014 σύμμικτα
603 1929 843 2012 (συμποσιακά)
876 1933 1052 2018 inscripto,
1092 1957 1187 2020 quem

79 2032 245 2096 breviavit
266 2029 387 2096 Alexio
406 2038 490 2095 teste
509 2031 682 2094 Ammonio
704 2053 736 2094 v.
759 2028 878 2112 γέρων.
933 2031 1024 2118 Lego
1059 2039 1189 2122 κωμικῇ

80 2135 165 2211 λέξει
199 2137 239 2218 τῇ
266 2127 298 2196 τ’
333 2154 353 2214 η
385 2135 590 2216 συμμίκτων.
636 2130 732 2211 Quod
761 2133 789 2194 si
815 2134 867 2196 cui
893 2135 999 2198 minus
1019 2135 1187 2221 placuerit,
1265 2143 1267 2148 '

78 2237 155 2300 huic
176 2237 317 2300 fortasse
339 2235 497 2299 arridebit
517 2232 679 2300 vocabula
699 2237 828 2319 κωμικῇ
851 2233 934 2311 λέξει
957 2239 998 2321 τῇ
1015 2241 1188 2326 συμμίκτμ

79 2337 268 2423 explicandi
294 2336 375 2400 haec
406 2336 506 2418 ratio,
537 2342 589 2417 ut,
623 2336 651 2399 τί
684 2355 748 2420 qua
777 2357 813 2400 re
842 2357 922 2399 vera
950 2338 1075 2402 exstitit
1103 2339 1188 2416 λέξις

79 2435 209 2521 κωμικῇ
232 2433 415 2522 σύμμικτος
437 2459 457 2500 a
475 2440 605 2521 κωμικῇ
627 2435 710 2514 λέξει
732 2436 873 2519 diversa,
899 2437 990 2502 illam
1011 2447 1187 2504 eatautum

79 2540 284 2626 complexam
303 2561 376 2604 esse
396 2539 558 2604 vocabula
579 2539 737 2620 dieamus,
760 2560 843 2625 quae
863 2540 996 2604 comicis
1012 2539 1188 2614 familiaria

81 2665 121 2706 ne
143 2642 264 2727 tragici
286 2641 417 2729 quidem
441 2649 556 2727 poetae
577 2661 710 2727 prorsus
734 2641 929 2726 respuerint.
964 2639 1019 2705 Sic
1030 2640 1131 2706 schol.
1144 2643 1186 2707 ad

79 2745 137 2809 Ar.
162 2743 246 2807 Ach.
267 2745 328 2806 270
354 2737 476 2807 κοὶνὰ
498 2741 534 2807 δὲ
557 2737 598 2806 τοὶ
622 2742 760 2806 τοιαῦτα
789 2733 946 2824 ὀνόματα.
991 2743 1065 2808 Ηοο
1085 2752 1185 2830 patet,

81 2867 208 2910 errasse
227 2844 417 2909 Fabricium
437 2845 472 2908 in
493 2843 561 2908 ind.
585 2865 647 2907 scr.
671 2844 705 2905 in
728 2840 841 2906 scholl.
864 2843 928 2929 Ap.
944 2845 1006 2910 Rh.
1028 2867 1048 2908 a
1068 2844 1185 2910 Sohae-

78 2949 148 3012 fero
171 2945 236 3012 vol.
253 2946 288 3009 Il
304 2969 335 3032 p.
352 2950 410 3010 641
432 2947 569 3032 repetito
589 2942 761 3030 συμμίκτῳ
781 2954 965 3010 vertentem
992 2947 1187 3012 ‘secuudum

79 3050 227 3114 ordinem
246 3046 486 3134 alphabeticum
507 3069 573 3111 non
594 3046 827 3133 dispositum.''

607 3236 658 3298 35.
699 3245 702 3254 '

161 3353 276 3440 Neque
297 3353 391 3417 aliter
420 3353 461 3417 de
488 3351 590 3416 altero
614 3351 861 3416 scholiastarum
883 3352 917 3414 in
941 3351 1005 3436 Ap.
1029 3351 1091 3416 Rh.
1116 3351 1187 3417 loco

11 3453 13 3456 ’
78 3453 287 3519 iudicandum
311 3456 372 3518 erit
392 3454 437 3518 IV
464 3457 544 3518 1614
580 3455 716 3534 Κυρίως
748 3449 809 3538 μὲν
836 3441 900 3516 οὖν
927 3445 1032 3534 ἡτοῦ
1053 3453 1187 3530 λέοντος

79 3549 163 3640 οὐρὰ
187 3549 542 3642 ὁλκαία(1.οἰλκαία)
566 3555 705 3638 λέγεται.
750 3554 788 3618 ἐν
811 3551 848 3618 δὲ
869 3556 916 3639 τῷ
939 3558 1076 3642 κωμικῷ
1098 3557 1186 3634 λεξι-
1234 3615 1237 3620 ,

79 3661 125 3745 κρΞ
147 3651 191 3745 οὐ
214 3653 321 3741 μόνον
341 3651 361 3742 ἡ
384 3660 446 3722 τοῦ
465 3655 601 3733 λέοντος
622 3650 710 3740 οὐρὰ
728 3651 848 3722 ὁλκαία
869 3657 1007 3737 λέγεται,
1031 3651 1187 3722 ἀλλὰκαὶ

80 3763 140 3823 τοῦ
160 3759 268 3824 ἵππου
291 3757 346 3825 καὶ
369 3764 430 3824 τοῦ
447 3756 528 3843 βοὸς
555 3756 698 3844 καὶτῶν
721 3757 893 3841 ἐμφερων,
917 3751 1045 3840 ὅσαπερ
1067 3753 1186 3841 ἀλεξη-

79 3865 181 3948 τηρίῳ
203 3865 243 3948 τῇ
263 3857 351 3948 οὐρῇ
372 3863 499 3944 χρῆται.
534 3861 668 3925 Rectius
691 3863 725 3924 in
748 3857 861 3924 scholl.
886 3859 959 3923 edd.
983 3859 1105 3946 ubique
1125 3853 1187 3924 αἰλ-

80 3968 156 4029 καία
181 3964 298 4028 editur.
343 3963 420 4028 Vid.
445 3962 590 4027 Method.
621 3985 673 4050 ap.
701 3971 743 4027 et.
766 3984 809 4024 m.
833 3964 888 4043 66,
915 3964 934 4023 5
964 3962 1034 4043 (60,
1061 3963 1093 4042 5)
1121 3961 1186 4024 He-

79 4067 204 4131 rodian.
229 4075 261 4130 et
281 4064 470 4152 Epaphrod.
493 4066 528 4128 in
550 4065 685 4130 Hesiod.
710 4085 754 4129 so.
774 4083 826 4147 ap.
848 4071 890 4126 ct.
910 4061 996 4126 oud.
1019 4083 1051 4146 p.
1076 4065 1126 4144 36,
1148 4064 1185 4125 13

82 4168 186 4235 Bekk.
206 4167 343 4232 aneodd.
365 4167 382 4230 I
404 4168 476 4250 384,
498 4169 538 4230 24
559 4165 695 4231 Bachm.
719 4162 856 4229 aneodd.
879 4164 965 4246 176,
991 4164 1039 4225 19.
1079 4161 1186 4226 Plum.

81 4271 121 4336 ad
152 4271 195 4336 A.
232 4269 340 4334 Persii
373 4269 462 4334 satir.
491 4291 524 4355 p.
559 4271 600 4332 94
632 4269 711 4332 citat
738 4264 779 4330 Il.
816 4272 845 4330 Y
860 4268 930 4328 ,170
951 4264 1075 4328 Lucan.
1092 4263 1110 4328 I
1126 4264 1186 4326 205
