2866 4882
220 357 282 421 sse
395 339 398 344 ’

223 529 294 616 lp.
317 529 368 590 94.
394 529 516 591 trs-5
537 524 715 590 Graefenh.
740 524 860 590 Gssch.
884 525 916 589 d.
933 525 1028 590 class.
1046 525 1165 593 Philol.
1181 529 1200 592 Ι
1216 554 1249 617 p.
1267 535 1344 600 425.

222 631 295 715 Ego
317 629 360 693 ad
382 637 489 693 utrum
510 627 687 692 concedam
709 626 840 692 haereo.
863 665 905 674 -
933 626 987 690 Ad
1010 625 1173 694 Prisciani
1197 631 1219 696 l.
1241 633 1263 698 l.
1287 635 1345 699 ad-

222 741 312 798 notat
332 730 595 796 Lindemannus:
627 731 698 794 ‘Ac
719 729 860 817 primum
882 727 1062 794 notandum
1082 730 1124 794 ab
1146 732 1243 798 initio
1265 745 1344 801 ante

221 857 335 900 vocem
357 833 549 916 Δίδυμος
573 832 641 919 legi
662 833 696 896 in
722 831 794 896 cod.
814 831 873 894 has
891 829 1002 895 literas
1025 831 1106 915 YK,
1135 833 1258 900 deinde
1281 860 1343 923 pro

221 934 296 1018 περὶ
318 937 377 1018 τῆς
397 956 469 999 esse
487 937 721 1016 HEPICTHO,
743 941 818 996 ante
840 953 953 996 vocem
974 926 1063 1017 παρά
1082 955 1254 1000 recurrere
1270 937 1341 1001 lite-

221 1059 291 1101 ram
313 1035 344 1100 Y
367 1043 493 1122 etpost
513 1058 628 1102 vocem
651 1030 830 1119 ἀναλογίας
851 1056 981 1098 rursum
1002 1056 1161 1120 apparere
1184 1033 1225 1119 Y,
1251 1039 1342 1124 quod

221 1137 397 1203 Putschius
422 1137 622 1227 (perperam)
645 1161 704 1225 pro
724 1159 859 1203 numero
881 1134 958 1199 libri
980 1135 1124 1201 habuit'
1153 1137 1250 1202 Haec
1272 1140 1340 1205 ille.

221 1239 334 1305 Litera
360 1248 410 1304 ter
439 1239 568 1305 adiecta
590 1239 811 1327 Pythagorica
835 1237 866 1302 Y
893 1237 972 1323 quid
995 1236 1059 1301 sibi
1081 1237 1177 1321 velit,
1205 1238 1341 1306 docebit

221 1340 360 1406 Villoiso
380 1341 476 1406 diatr.
498 1365 530 1428 p.
556 1345 615 1406 134
640 1343 700 1428 (2),
723 1341 781 1406 sed
801 1341 833 1405 K
856 1338 935 1427 quid
955 1337 1065 1402 valeat
1084 1362 1149 1403 non
1172 1342 1339 1428 expiscor‚

221 1443 287 1506 nisi
308 1449 385 1507 note
408 1442 451 1506 sit
471 1445 614 1509 nominis
636 1438 805 1519 Κλαύδιος
813 1441 847 1527 ¹).
894 1438 990 1520 Quod
1013 1440 1040 1504 si
1062 1441 1107 1505 ita
1129 1453 1190 1526 est,
1214 1443 1339 1510 Suidae

222 1544 333 1630 glossa
360 1546 512 1629 Δίδυμος
545 1538 562 1608 ὁ
591 1541 762 1638 Κλαύδιος
793 1543 1044 1629 depravationes
1074 1567 1232 1632 perpessa
1267 1569 1339 1612 esse

221 1669 287 1711 non
310 1645 450 1710 videtur.
495 1646 540 1710 Et
562 1646 720 1712 Claudius
742 1644 873 1731 quidem
894 1643 1075 1731 Didymus,
1106 1669 1202 1734 quem
1224 1669 1246 1712 a
1269 1671 1337 1713 mu-

222 1748 290 1812 sico
324 1754 356 1810 et
384 1747 610 1830 grammatico,
644 1745 829 1810 Heraclidis
857 1745 925 1811 filio
932 1796 941 1830 ,
974 1770 1040 1812 non
1069 1769 1141 1813 esse
1167 1748 1338 1816 diversum

222 1850 404 1937 suspicatus
423 1871 494 1913 sum
517 1849 551 1912 in
573 1858 744 1913 comment.
768 1847 817 1911 IV
837 1857 919 1934 part.
943 1851 962 1912 2
983 1873 1016 1937 p.
1036 1854 1083 1934 13,
1108 1858 1183 1938 apte
1206 1860 1338 1938 poterat

223 1951 360 2016 lectores
386 1950 428 2015 ad
451 1948 667 2015 Heliodorum
692 1949 861 2014 metricum
889 1948 926 2013 ἐν
952 1954 1000 2039 τῷ
1024 1951 1101 2035 περὶ
1127 1958 1339 2039 μουσικῆς

222 2052 398 2117 amandare
429 2073 480 2138 ap.
511 2052 671 2117 Priscian.
706 2051 747 2115 de
772 2051 828 2135 fig.
859 2074 946 2117 num.
979 2074 1007 2116 c.
1034 2054 1087 2118 III
1114 2057 1146 2133 ὅ.
1174 2058 1222 2119 16.
1272 2054 1339 2121 Sed

224 2153 438 2220 Chalcentero
459 2152 521 2217 hoc
543 2155 640 2217 etiam
662 2175 742 2238 opus
763 2153 972 2218 vindicaturo
994 2154 1152 2221 favebunt
1174 2178 1339 2241 gramme-

220 2257 360 2321 ticorum
387 2262 494 2319 aetate
514 2254 737 2340 proximorum
759 2254 868 2319 studia
890 2255 924 2316 in
947 2254 1061 2320 eadem
1084 2277 1184 2342 opera
1206 2255 1340 2323 Graeca

221 2381 296 2423 cum
316 2357 473 2422 Romanis
494 2356 705 2443 comparandi
725 2356 848 2442 posita,
875 2355 1084 2444 Hypsicratis
1107 2356 1238 2423 Seleuci
1261 2360 1339 2424 Phi-

221 2459 333 2524 loxeni
367 2457 587 2544 Tyrannionis
618 2457 758 2544 Apionis
790 2456 918 2522 Irenaei
948 2459 1019 2523 sive
1051 2460 1165 2524 Pacati
1197 2460 1340 2527 Minucii

221 2560 369 2626 Suetonii
394 2558 593 2648 Tranquilli,
622 2581 703 2649 quos
729 2559 881 2623 recensui
908 2559 943 2623 in
971 2559 1099 2626 dissert.
1132 2560 1174 2625 de
1198 2561 1340 2629 Seleuco

221 2662 396 2728 Homerico
415 2685 446 2748 p.
471 2664 544 2727 548.
589 2663 727 2728 Accedit
755 2662 842 2749 quod
870 2684 922 2747 ap.
947 2661 1106 2726 Priscian.
1129 2662 1145 2726 l
1165 2665 1338 2750 p.,21Kr.

221 2765 256 2829 II
269 2790 302 2854 p.
321 2768 382 2829 395
397 2765 457 2830 Kr.
473 2764 637 2851 Didymus
653 2765 687 2830 in
706 2765 863 2853 Varronis
879 2763 1079 2828 consortium
1093 2764 1258 2832 admissus
1276 2777 1338 2834 est.

763 2956 792 3016 1.
873 2959 875 2964 ’
1362 3014 1367 3023 ,

306 3069 465 3133 Priscian.
481 3069 498 3133 I
515 3093 548 3156 p.
562 3073 599 3134 21
629 3070 657 3157 [I
672 3094 701 3136 c.
718 3073 749 3161 4]
774 3070 834 3135 Kr.
860 3068 969 3134 ‘Unde
990 3091 1010 3132 a
1030 3069 1196 3158 plerisque
1219 3073 1251 3136 ei
1276 3073 1336 3162 (V)

221 3171 283 3236 hoc
300 3189 420 3234 nomen
442 3169 546 3254 datur,
567 3171 654 3257 quod
676 3172 764 3259 apud
778 3171 901 3236 Aeoles
922 3169 1036 3236 habuit
1059 3171 1137 3236 olim
1157 3171 1336 3260 digamma,

89 3291 92 3302 ¹
221 3272 322 3335 idest
343 3289 409 3345 οαο,
432 3269 474 3334 ab
497 3273 601 3358 ipsius
624 3295 704 3337 voce
725 3271 918 3358 profectum,
940 3281 1023 3338 teste
1044 3274 1193 3338 Varrone
1216 3283 1249 3339 et
1270 3277 1337 3341 Di-

222 3371 352 3456 dymo,
384 3370 439 3458 qui
461 3372 496 3437 id
518 3374 548 3437 ei
570 3395 688 3438 nornen
710 3394 782 3435 esse
804 3371 989 3438 ostendunt.
1034 3374 1099 3438 Pro
1122 3397 1186 3462 quo
1210 3376 1337 3442 Caesar
1380 3380 1382 3388 ’

220 3471 304 3535 hanc
326 3471 466 3556 figuram
494 3499 522 3562 y
554 3474 655 3539 scribi
679 3473 793 3538 voluit.
815 3513 858 3522 -
886 3474 1021 3540 Tortell.
1050 3475 1176 3540 Aretin.
1212 3478 1255 3541 de
1286 3502 1336 3545 or-

219 3572 326 3659 thogr.
349 3572 437 3638 loll
462 3575 655 3642 ‘Habebant
678 3575 804 3662 antiqui
823 3573 945 3640 Aeoles
967 3577 1095 3660 literam
1116 3577 1218 3661 hanc,
1238 3602 1335 3666 quae,

220 3675 296 3762 quia
323 3674 463 3760 duplicis
492 3699 622 3762 gamma
650 3676 787 3763 figuram
817 3675 1000 3760 detinebat,
1032 3686 1068 3742 ut
1091 3701 1177 3743 nunc
1201 3679 1336 3764 detinet,

221 3776 385 3861 digamma
417 3799 437 3840 a
458 3777 623 3864 plerisque
644 3801 687 3842 ex
706 3779 827 3842 nostris
849 3780 1078 3864 cognominata
1102 3780 1180 3863 fuit,
1214 3804 1235 3844 a
1256 3805 1335 3847 non-

220 3877 319 3943 nullis
341 3899 420 3942 vero
440 3877 504 3942 sibi
525 3877 565 3967 [l]
589 3878 652 3944 hoc
674 3901 792 3943 nomen
814 3880 926 3943 datum
945 3881 1007 3945 fuit
1014 3932 1023 3966 ,
1043 3882 1130 3970 quod
1145 3883 1233 3970 apud
1248 3883 1335 3949 Aeo-

220 3978 267 4043 les
289 3979 381 4067 prius
404 3977 554 4064 habebat,
575 3980 729 4046 videlicet
751 3987 830 4044 uau'
853 3989 885 4045 et
905 4006 936 4070 q.
958 4006 985 4047 s.

303 4079 389 4178 vid.
407 4081 565 4148 Ritsohel.
593 4083 634 4148 de
660 4082 800 4147 Varron.
828 4081 991 4171 disciplin.
1020 4084 1113 4150 libris
1145 4108 1177 4171 p.
1205 4086 1258 4149 27.
1293 4125 1336 4138 -

288 4300 313 4368 l)
332 4301 374 4353 Ol.
393 4305 508 4372 Roeper.
528 4304 557 4355 in
573 4303 706 4358 zeitschr.
726 4305 745 4357 f.
764 4305 833 4358 AW.
852 4307 878 4359 X
898 4307 965 4360 1852
981 4322 1008 4375 p.
1028 4306 1090 4359 436.
1110 4308 1172 4375 437.
